@article{Micheelsen2010tsr,
  title={{Theory for the stability and regulation of epigenetic landscapes}},
  author={Mille A Micheelsen and Namiko Mitarai and Kim Sneppen and Ian B Dodd},
  journal={Phys Biol},
  volume={7},
  number={2},
  pages={026010},
  year={2010}
}

@article{Roh2010sbm,
  title={{State-dependent biasing method for importance sampling in the weighted stochastic simulation algorithm}},
  author={Min K Roh and Dan T Gillespie and Linda R Petzold},
  journal={J Chem Phys},
  volume={133},
  number={17},
  pages={174106},
  year={2010}
}

@article{Gustin1998mkp,
  title={{MAP kinase pathways in the yeast Saccharomyces cerevisiae}},
  author={M C Gustin and J Albertyn and M Alexander and K Davenport},
  journal={Microbiol Mol Biol Rev},
  volume={62},
  number={4},
  pages={1264--300},
  year={1998}
}

@article{Gardiner1976cst,
  title={{Correlations in stochastic theories of chemical reactions}},
  author={C W Gardiner and K McNeil and D Walls and I Matheson},
  journal={J Stat Phys},
  volume={14},
  number={4},
  pages={307--331},
  year={1976}
}

@article{Osborne2005pts,
  title={{Protein translocation by the Sec61/SecY channel}},
  author={Andrew R Osborne and Tom A Rapoport and Bert van den Berg},
  journal={Annu Rev Cell Dev Biol},
  volume={21},
  pages={529--50},
  year={2005}
}

@article{Porras-Yakushi2005nsd,
  title={{A novel SET domain methyltransferase modifies ribosomal protein Rpl23ab in yeast}},
  author={Tanya R Porras-Yakushi and Julian P Whitelegge and Tina Branscombe Miranda and Steven Clarke},
  journal={J Biol Chem},
  volume={280},
  number={41},
  pages={34590--8},
  year={2005}
}

@article{Tu2008nmu,
  title={{The nonequilibrium mechanism for ultrasensitivity in a biological switch: sensing by Maxwell's demons}},
  author={Yuhai Tu},
  journal={Proc Natl Acad Sci USA},
  volume={105},
  number={33},
  pages={11737--41},
  year={2008}
}

@article{Baumeister1999etm,
  title={{Electron tomography of molecules and cells}},
  author={W Baumeister and R Grimm and J Walz},
  journal={Trends Cell Biol},
  volume={9},
  number={2},
  pages={81--5},
  year={1999}
}

@article{Alon2007nmt,
  title={{Network motifs: theory and experimental approaches}},
  author={Uri Alon},
  journal={Nat Rev Genet},
  volume={8},
  number={6},
  pages={450--61},
  year={2007}
}

@article{Schwartz2004pmk,
  title={{Principles of MAP kinase signaling specificity in Saccharomyces cerevisiae}},
  author={Monica A Schwartz and Hiten D Madhani},
  journal={Annu Rev Genet},
  volume={38},
  pages={725--48},
  year={2004}
}

@article{Paul2004rte,
  title={{rRNA transcription in Escherichia coli}},
  author={Brian J Paul and Wilma Ross and Tamas Gaal and Richard L Gourse},
  journal={Annu Rev Genet},
  volume={38},
  pages={749--70},
  year={2004}
}

@article{Duarte2004iam,
  title={{Integrated analysis of metabolic phenotypes in Saccharomyces cerevisiae}},
  author={Natalie C Duarte and Bernhard {\O} Palsson and Pengcheng Fu},
  journal={BMC Genom},
  volume={5},
  pages={63},
  year={2004}
}

@article{McGuffee2010dcp,
  title={{Diffusion, crowding {\&} protein stability in a dynamic molecular model of the bacterial cytoplasm}},
  author={Sean R McGuffee and Adrian H Elcock},
  journal={PLoS Comput Biol},
  volume={6},
  number={3},
  pages={e1000694},
  year={2010}
}

@article{Sneppen2010smb,
  title={{Simplified models of biological networks}},
  author={Kim Sneppen and Sandeep Krishna and Szabolcs Semsey},
  journal={Annu Rev Biophys},
  volume={39},
  pages={43--59},
  year={2010}
}

@article{Narang2007edl,
  title={{Effect of DNA looping on the induction kinetics of the lac operon}},
  author={Atul Narang},
  journal={J Theor Biol},
  volume={247},
  number={4},
  pages={695--712},
  year={2007}
}

@article{Driessen2008pta,
  title={{Protein translocation across the bacterial cytoplasmic membrane}},
  author={Arnold J M Driessen and Nico Nouwen},
  journal={Annu Rev Biochem},
  volume={77},
  pages={643--67},
  year={2008}
}

@article{Gordon2009tip,
  title={{Transcriptional infidelity promotes heritable phenotypic change in a bistable gene network}},
  author={Alasdair J E Gordon and Jennifer A Halliday and Matthew D Blankschien and Philip A Burns and Fumio Yatagai and Christophe Herman},
  journal={PLoS Biol},
  volume={7},
  number={2},
  pages={e44},
  year={2009}
}

@article{Barkley1975iel,
  title={{Interaction of effecting ligands with lac repressor and repressor-operator complex}},
  author={M D Barkley and A D Riggs and A Jobe and S Burgeois},
  journal={Biochemistry},
  volume={14},
  number={8},
  pages={1700--12},
  year={1975}
}

@article{Kim2010cea,
  title={{Crowding effects on association reactions at membranes}},
  author={Jun Soo Kim and Arun Yethiraj},
  journal={Biophys J},
  volume={98},
  number={6},
  pages={951--8},
  year={2010}
}

@article{Lewis2008sob,
  title={{Subcellular organisation in bacteria}},
  author={Peter J Lewis},
  journal={Bacterial Physiology: A Molecular Approach},
  pages={1--42},
  year={2008}
}

@article{Noel2009dic,
  title={{The diffusive influx and carrier efflux have a strong effect on the bistability of the lac operon in Escherichia coli}},
  author={Jason T Noel and Sergei S Pilyugin and Atul Narang},
  journal={J Theor Biol},
  volume={256},
  number={1},
  pages={14--28},
  year={2009}
}

@article{Morelli2008efr,
  title={{Eliminating fast reactions in stochastic simulations of biochemical networks: a bistable genetic switch}},
  author={Marco J Morelli and Rosalind J Allen and Sorin T{\u a}nase-Nicola and Pieter Rein ten Wolde},
  journal={J Chem Phys},
  volume={128},
  number={4},
  pages={045105},
  year={2008}
}

@article{Nair2011tt,
  title={{Time-Lapse Transcription}},
  author={Gautham Nair and Arjun Raj},
  journal={Science},
  volume={332},
  number={6028},
  pages={431--432},
  year={2011}
}

@article{Kaczanowska2007rbt,
  title={{Ribosome biogenesis and the translation process in Escherichia coli}},
  author={Magdalena Kaczanowska and Monica Ryd{\'e}n-Aulin},
  journal={Microbiol Mol Biol Rev},
  volume={71},
  number={3},
  pages={477--94},
  year={2007}
}

@article{Hornos2005sge,
  title={{Self-regulating gene: An exact solution}},
  author={J Hornos and D Schultz and G Innocentini and J Wang and A Walczak and J Onuchic and P Wolynes},
  journal={Phys Rev E},
  volume={72},
  number={5},
  pages={051907},
  year={2005}
}

@article{Murphy2010tcg,
  title={{Tuning and controlling gene expression noise in synthetic gene networks}},
  author={Kevin F Murphy and Rhys M Adams and Xiao Wang and G{\'a}bor Bal{\'a}zsi and James J Collins},
  journal={Nucleic Acids Res},
  volume={38},
  number={8},
  pages={2712--26},
  year={2010}
}

@article{Min2009icw,
  title={{Imaging chromophores with undetectable fluorescence by stimulated emission microscopy}},
  author={Wei Min and Sijia Lu and Shasha Chong and Rahul Roy and Gary R Holtom and X Sunney Xie},
  journal={Nature},
  volume={461},
  number={7267},
  pages={1105--1109},
  year={2009}
}

@article{Gibson2000ees,
  title={{Efficient exact stochastic simulation of chemical systems with many species and many channels}},
  author={M.A Gibson and J Bruck},
  journal={J Phys Chem},
  volume={104},
  number={9},
  pages={1876--1889},
  year={2000}
}

@article{Santillan2008bbm,
  title={{Bistable behavior in a model of the lac operon in Escherichia coli with variable growth rate}},
  author={M Santill{\'a}n},
  journal={Biophys J},
  volume={94},
  number={6},
  pages={2065--81},
  year={2008}
}

@article{Morelli2008rcf,
  title={{Reaction coordinates for the flipping of genetic switches}},
  author={Marco J Morelli and Sorin Tanase-Nicola and Rosalind J Allen and Pieter Rein ten Wolde},
  journal={Biophys J},
  volume={94},
  number={9},
  pages={3413--23},
  year={2008}
}

@article{Zimmerman1991emc,
  title={{Estimation of macromolecule concentrations and excluded volume effects for the cytoplasm of Escherichia coli}},
  author={S B Zimmerman and S O Trach},
  journal={J Mol Biol},
  volume={222},
  number={3},
  pages={599--620},
  year={1991}
}

@article{Elf2007ptf,
  title={{Probing transcription factor dynamics at the single-molecule level in a living cell}},
  author={Johan Elf and Gene-Wei Li and X Sunney Xie},
  journal={Science},
  volume={316},
  number={5828},
  pages={1191--4},
  year={2007}
}

@article{Takahashi2010scc,
  title={{Spatio-temporal correlations can drastically change the response of a MAPK pathway}},
  author={Koichi Takahashi and Sorin Tanase-Nicola and Pieter Rein ten Wolde},
  journal={Proc Natl Acad Sci USA},
  volume={107},
  number={6},
  pages={2473--8},
  year={2010}
}

@article{Gronlund2010ccf,
  title={{Costs and constraints from time-delayed feedback in small gene regulatory motifs}},
  author={Andreas Gr{\"o}nlund and Per L{\"o}tstedt and Johan Elf},
  journal={Proc Natl Acad Sci USA},
  volume={107},
  number={18},
  pages={8171--6},
  year={2010}
}

@article{Weiss1997her,
  title={{The Hill equation revisited: uses and misuses}},
  author={J N Weiss},
  journal={FASEB J},
  volume={11},
  number={11},
  pages={835--41},
  year={1997}
}

@article{Price2004gmm,
  title={{Genome-scale models of microbial cells: evaluating the consequences of constraints}},
  author={Nathan D Price and Jennifer L Reed and Bernhard {\O} Palsson},
  journal={Nat Rev Microbiol},
  volume={2},
  number={11},
  pages={886--97},
  year={2004}
}

@article{Isaacson2009rme2,
  title={{Reaction-diffusion master equation, diffusion-limited reactions, and singular potentials}},
  author={Samuel A Isaacson and David Isaacson},
  journal={Phys Rev E},
  volume={80},
  number={6 Pt 2},
  pages={066106},
  year={2009}
}

@article{Anderson2009gcm,
  title={{Genomic characterization of methanomicrobiales reveals three classes of methanogens}},
  author={Iain Anderson and Luke E Ulrich and Boguslaw Lupa and Dwi Susanti and Iris Porat and Sean D Hooper and Athanasios Lykidis and Magdalena Sieprawska-Lupa and Lakshmi Dharmarajan and Eugene Goltsman and Alla Lapidus and Elizabeth Saunders and Cliff Han and Miriam Land and Susan Lucas and Biswarup Mukhopadhyay and William B Whitman and Carl Woese and James Bristow and Nikos Kyrpides},
  journal={PLoS One},
  volume={4},
  number={6},
  pages={e5797},
  year={2009}
}

@article{Papin2005rcs,
  title={{Reconstruction of cellular signalling networks and analysis of their properties}},
  author={Jason A Papin and Tony Hunter and Bernhard O Palsson and Shankar Subramaniam},
  journal={Nat Rev Mol Cell Biol},
  volume={6},
  number={2},
  pages={99--111},
  year={2005}
}

@article{Komorowski2009trc,
  title={{Translational repression contributes greater noise to gene expression than transcriptional repression}},
  author={Micha{\l} Komorowski and Jacek Miekisz and Andrzej M Kierzek},
  journal={Biophys J},
  volume={96},
  number={2},
  pages={372--84},
  year={2009}
}

@article{Lewis2005lr,
  title={{The lac repressor}},
  author={Mitchell Lewis},
  journal={C R Biol},
  volume={328},
  number={6},
  pages={521--48},
  year={2005}
}

@article{Kim2009trc,
  title={{Transcriptional regulatory circuits: predicting numbers from alphabets}},
  author={Harold D Kim and Tal Shay and Erin K O'Shea and Aviv Regev},
  journal={Science},
  volume={325},
  number={5939},
  pages={429--32},
  year={2009}
}

@article{Ross2008ctm,
  title={{Cargo transport: molecular motors navigate a complex cytoskeleton}},
  author={Jennifer L Ross and M Yusuf Ali and David M Warshaw},
  journal={Curr Opin Cell Biol},
  volume={20},
  number={1},
  pages={41--7},
  year={2008}
}

@article{Llopis2010sof,
  title={{Spatial organization of the flow of genetic information in bacteria}},
  author={Paula Montero Llopis and Audrey F Jackson and Oleksii Sliusarenko and Ivan Surovtsev and Jennifer Heinritz and Thierry Emonet and Christine Jacobs-Wagner},
  journal={Nature},
  volume={466},
  number={7302},
  pages={77--81},
  year={2010}
}

@article{Bayati2008mss,
  title={{Multiresolution stochastic simulations of reaction-diffusion processes}},
  author={Basil Bayati and Philippe Chatelain and Petros Koumoutsakos},
  journal={Phys Chem Chem Phys},
  volume={10},
  number={39},
  pages={5963--6},
  year={2008}
}

@article{Betzig2006iif,
  title={{Imaging intracellular fluorescent proteins at nanometer resolution}},
  author={Eric Betzig and George H Patterson and Rachid Sougrat and O Wolf Lindwasser and Scott Olenych and Juan S Bonifacino and Michael W Davidson and Jennifer Lippincott-Schwartz and Harald F Hess},
  journal={Science},
  volume={313},
  number={5793},
  pages={1642--5},
  year={2006}
}

@article{Rao2002cet,
  title={{Control, exploitation and tolerance of intracellular noise}},
  author={Christopher V Rao and Denise M Wolf and Adam P Arkin},
  journal={Nature},
  volume={420},
  number={6912},
  pages={231--7},
  year={2002}
}

@article{Ramsey2006dfl,
  title={{Dual feedback loops in the GAL regulon suppress cellular heterogeneity in yeast}},
  author={Stephen A Ramsey and Jennifer J Smith and David Orrell and Marcello Marelli and Timothy W Petersen and Pedro de Atauri and Hamid Bolouri and John D Aitchison},
  journal={Nat Genet},
  volume={38},
  number={9},
  pages={1082--7},
  year={2006}
}

@article{Walczak2005art,
  title={{Absolute rate theories of epigenetic stability}},
  author={Aleksandra M Walczak and Jos{\'e} N Onuchic and Peter G Wolynes},
  journal={Proc Natl Acad Sci USA},
  volume={102},
  number={52},
  pages={18926--31},
  year={2005}
}

@article{Cho2011nof,
  title={{Nucleoid occlusion factor SlmA is a DNA-activated FtsZ polymerization antagonist}},
  author={Hongbaek Cho and Heather R McManus and Simon L Dove and Thomas G Bernhardt},
  journal={Proc Natl Acad Sci USA},
  volume={108},
  number={9},
  pages={3773--8},
  year={2011}
}

@article{Noor2010ccm,
  title={{Central Carbon Metabolism as a Minimal Biochemical Walk between Precursors for Biomass and Energy}},
  author={Elad Noor and Eran Eden and Ron Milo and Uri Alon},
  journal={Mol Cell},
  volume={39},
  number={5},
  pages={809--20},
  year={2010}
}

@article{Cullen2011rfg,
  title={{The regulation of filamentous growth In yeast}},
  author={Paul Cullen},
  journal={Cold Spring Harbor Genetics},
  pages={1--87},
  year={2011}
}

@article{Efremov2010arc,
  title={{The architecture of respiratory complex I}},
  author={Rouslan G Efremov and Rozbeh Baradaran and Leonid A Sazanov},
  journal={Nature},
  volume={465},
  number={7297},
  pages={441--445},
  year={2010}
}

@article{Milotti2005ens,
  title={{Exact numerical simulation of power-law noises}},
  author={Edoardo Milotti},
  journal={Phys Rev E},
  volume={72},
  number={5 Pt 2},
  pages={056701},
  year={2005}
}

@article{Acar2005ecm,
  title={{Enhancement of cellular memory by reducing stochastic transitions}},
  author={Murat Acar and Attila Becskei and Alexander van Oudenaarden},
  journal={Nature},
  volume={435},
  number={7039},
  pages={228--32},
  year={2005}
}

@article{Walczak2005spf,
  title={{Self-consistent proteomic field theory of stochastic gene switches}},
  author={Aleksandra M Walczak and Masaki Sasai and Peter G Wolynes},
  journal={Biophys J},
  volume={88},
  number={2},
  pages={828--50},
  year={2005}
}

@article{Blaut1994mm,
  title={{Metabolism of methanogens}},
  author={M Blaut},
  journal={Antonie Leeuwenhoek},
  volume={66},
  number={1-3},
  pages={187--208},
  year={1994}
}

@article{Bonneau2006ial,
  title={{The Inferelator: an algorithm for learning parsimonious regulatory networks from systems-biology data sets de novo}},
  author={Richard Bonneau and David J Reiss and Paul Shannon and Marc Facciotti and Leroy Hood and Nitin S Baliga and Vesteinn Thorsson},
  journal={Genome Biol},
  volume={7},
  number={5},
  pages={R36},
  year={2006}
}

@article{Bishop2010sbb,
  title={{Stochastic bistability and bifurcation in a mesoscopic signaling system with autocatalytic kinase}},
  author={Lisa M Bishop and Hong Qian},
  journal={Biophys J},
  volume={98},
  number={1},
  pages={1--11},
  year={2010}
}

@article{Delebecque2011oir,
  title={{Organization of Intracellular Reactions with Rationally Designed RNA Assemblies}},
  author={Camille J Delebecque and Ariel B Lindner and Pamela A Silver and Faisal A Aldaye},
  journal={Science},
  pages={},
  year={2011}
}

@article{Slaughter2009sbl,
  title={{Symmetry breaking in the life cycle of the budding yeast}},
  author={Brian D Slaughter and Sarah E Smith and Rong Li},
  journal={Cold Spring Harb Perspect Biol},
  volume={1},
  number={3},
  pages={a003384},
  year={2009}
}

@article{Janda2010rsp,
  title={{Recognition of a signal peptide by the signal recognition particle}},
  author={Claudia Y Janda and Jade Li and Chris Oubridge and Helena Hern{\'a}ndez and Carol V Robinson and Kiyoshi Nagai},
  journal={Nature},
  volume={465},
  number={7297},
  pages={507--510},
  year={2010}
}

@article{Laffend1994smg,
  title={{Structured model of genetic control via the lac promoter in Escherichia coli}},
  author={L Laffend and M L Shuler},
  journal={Biotechnol Bioeng},
  volume={43},
  number={5},
  pages={399--410},
  year={1994}
}

@article{Arjunan2010nmr,
  title={{A new multicompartmental reaction-diffusion modeling method links transient membrane attachment of E coli MinE to E-ring formation}},
  author={Satya Nanda Vel Arjunan and Masaru Tomita},
  journal={Syst Synth Biol},
  volume={4},
  number={1},
  pages={35--53},
  year={2010}
}

@article{Kuwahara2008ees,
  title={{An efficient and exact stochastic simulation method to analyze rare events in biochemical systems}},
  author={Hiroyuki Kuwahara and Ivan Mura},
  journal={J Chem Phys},
  volume={129},
  number={16},
  pages={165101},
  year={2008}
}

@article{Kuhlman2007ctc,
  title={{Combinatorial transcriptional control of the lactose operon of Escherichia coli}},
  author={Thomas Kuhlman and Zhongge Zhang and Milton H Saier and Terence Hwa},
  journal={Proc Natl Acad Sci USA},
  volume={104},
  number={14},
  pages={6043--8},
  year={2007}
}

@article{Kepes1960ksg,
  title={{[Kinetic studies on galactoside permease of Escherichia coli]}},
  author={Adam Kepes},
  journal={Biochim Biophys Acta},
  volume={40},
  pages={70--84},
  year={1960}
}

@article{Fange2010srk,
  title={{Stochastic reaction-diffusion kinetics in the microscopic limit}},
  author={David Fange and Otto G Berg and Paul Sj{\"o}berg and Johan Elf},
  journal={Proc Natl Acad Sci USA},
  pages={},
  year={2010}
}

@article{Mehta2008esn,
  title={{Exponential sensitivity of noise-driven switching in genetic networks}},
  author={Pankaj Mehta and Ranjan Mukhopadhyay and Ned S Wingreen},
  journal={Phys Biol},
  volume={5},
  number={2},
  pages={026005},
  year={2008}
}

@article{Comolli2009tas,
  title={{Three-dimensional analysis of the structure and ecology of a novel, ultra-small archaeon}},
  author={Luis R Comolli and Brett J Baker and Kenneth H Downing and Cristina E Siegerist and Jillian F Banfield},
  journal={ISME J},
  volume={3},
  number={2},
  pages={159--67},
  year={2009}
}

@article{Geyer2010bgl,
  title={{Bridging the gap: linking molecular simulations and systemic descriptions of cellular compartments}},
  author={Tiham{\'e}r Geyer and Xavier Mol and Sarah Blass and Volkhard Helms},
  journal={PLoS One},
  volume={5},
  number={11},
  pages={e14070},
  year={2010}
}

@article{Schultz2008erg,
  title={{Extinction and resurrection in gene networks}},
  author={Daniel Schultz and Aleksandra M Walczak and Jos{\'e} N Onuchic and Peter G Wolynes},
  journal={Proc Natl Acad Sci USA},
  volume={105},
  number={49},
  pages={19165--70},
  year={2008}
}

@article{Jamshidi2008tat,
  title={{Top-down analysis of temporal hierarchy in biochemical reaction networks}},
  author={Neema Jamshidi and Bernhard {\O} Palsson},
  journal={PLoS Comput Biol},
  volume={4},
  number={9},
  pages={e1000177},
  year={2008}
}

@article{Halford2004hds,
  title={{How do site-specific DNA-binding proteins find their targets?}},
  author={Stephen E Halford and John F Marko},
  journal={Nucleic Acids Res},
  volume={32},
  number={10},
  pages={3040--52},
  year={2004}
}

@article{Rodriguez2006ssm,
  title={{Spatial stochastic modelling of the phosphoenolpyruvate-dependent phosphotransferase (PTS) pathway in Escherichia coli}},
  author={J Vidal Rodr{\'\i}guez and Jaap A Kaandorp and Maciej Dobrzy{\'n}ski and Joke G Blom},
  journal={Bioinformatics},
  volume={22},
  number={15},
  pages={1895--901},
  year={2006}
}

@article{Gillespie1977ess,
  title={{Exact stochastic simulation of coupled chemical reactions}},
  author={Dan T Gillespie},
  journal={J Phys Chem},
  volume={81},
  number={25},
  pages={2340--2361},
  year={1977}
}

@article{Dickson2009sfb,
  title={{Separating forward and backward pathways in nonequilibrium umbrella sampling}},
  author={Alex Dickson and Aryeh Warmflash and Aaron R Dinner},
  journal={J Chem Phys},
  volume={131},
  number={15},
  pages={154104},
  year={2009}
}

@article{Agmon1990trd,
  title={{Theory of reversible diffusion‐influenced reactions}},
  author={Noam Agmon and Attila Szabo},
  journal={J Chem Phys},
  volume={92},
  number={9},
  pages={5270--84},
  year={1990}
}

@article{Mo2009cem,
  title={{Connecting extracellular metabolomic measurements to intracellular flux states in yeast}},
  author={Monica L Mo and Bernhard O Palsson and Markus J Herrg{\aa}rd},
  journal={BMC Syst Biol},
  volume={3},
  pages={37},
  year={2009}
}

@article{Fero2010aql,
  title={{Automated quantitative live cell fluorescence microscopy}},
  author={Michael Fero and Kit Pogliano},
  journal={Cold Spring Harb Perspect Biol},
  volume={2},
  number={8},
  pages={a000455},
  year={2010}
}

@article{Feist2009rbn,
  title={{Reconstruction of biochemical networks in microorganisms}},
  author={Adam M Feist and Markus J Herrg{\aa}rd and Ines Thiele and Jennie L Reed and Bernhard {\O} Palsson},
  journal={Nat Rev Microbiol},
  volume={7},
  number={2},
  pages={129--43},
  year={2009}
}

@article{Kim2010mke,
  title={{Macroscopic kinetic effect of cell-to-cell variation in biochemical reactions}},
  author={Pan-Jun Kim and Nathan D Price},
  journal={Phys Rev Lett},
  volume={104},
  number={14},
  pages={148103},
  year={2010}
}

@article{Jamshidi2001dsh,
  title={{Dynamic simulation of the human red blood cell metabolic network}},
  author={N Jamshidi and J S Edwards and T Fahland and G M Church and B O Palsson},
  journal={Bioinformatics},
  volume={17},
  number={3},
  pages={286--7},
  year={2001}
}

@article{Summerer2006gef,
  title={{A genetically encoded fluorescent amino acid}},
  author={Daniel Summerer and Shuo Chen and Ning Wu and Alexander Deiters and Jason W Chin and Peter G Schultz},
  journal={Proc Natl Acad Sci USA},
  volume={103},
  number={26},
  pages={9785--9},
  year={2006}
}

@article{Maloney1973qaa,
  title={{Quantitative aspects of active transport by the lactose transport system of Escherichia coli}},
  author={P C Maloney and T H Wilson},
  journal={Biochim Biophys Acta},
  volume={330},
  number={2},
  pages={196--205},
  year={1973}
}

@article{Yu2006pge,
  title={{Probing gene expression in live cells, one protein molecule at a time}},
  author={Ji Yu and Jie Xiao and Xiaojia Ren and Kaiqin Lao and X Sunney Xie},
  journal={Science},
  volume={311},
  number={5767},
  pages={1600--3},
  year={2006}
}

@article{Gillespie2009dbp,
  title={{A diffusional bimolecular propensity function}},
  author={Daniel T Gillespie},
  journal={J Chem Phys},
  volume={131},
  number={16},
  pages={164109},
  year={2009}
}

@article{Hartman2009ece,
  title={{The evolution of the cilium and the eukaryotic cell}},
  author={Hyman Hartman and Temple F Smith},
  journal={Cell Motil Cytoskeleton},
  volume={66},
  number={4},
  pages={215--219},
  year={2009}
}

@article{Hattne2005srs,
  title={{Stochastic reaction-diffusion simulation with MesoRD}},
  author={Johan Hattne and David Fange and Johan Elf},
  journal={Bioinformatics},
  volume={21},
  number={12},
  pages={2923--4},
  year={2005}
}

@article{Mayo2006pci,
  title={{Plasticity of the cis-regulatory input function of a gene}},
  author={Avraham E Mayo and Yaakov Setty and Seagull Shavit and Alon Zaslaver and Uri Alon},
  journal={PLoS Biol},
  volume={4},
  number={4},
  pages={e45},
  year={2006}
}

@article{Hendrickson2008grm,
  title={{Global responses of Methanococcus maripaludis to specific nutrient limitations and growth rate}},
  author={Erik L Hendrickson and Yuchen Liu and Guillermina Rosas-Sandoval and Iris Porat and Dieter S{\"o}ll and William B Whitman and John A Leigh},
  journal={J Bacteriol},
  volume={190},
  number={6},
  pages={2198--205},
  year={2008}
}

@article{Marquez-Lago2007bts,
  title={{Binomial tau-leap spatial stochastic simulation algorithm for applications in chemical kinetics}},
  author={Tatiana T Marquez-Lago and Kevin Burrage},
  journal={J Chem Phys},
  volume={127},
  number={10},
  pages={104101},
  year={2007}
}

@article{Hilfinger2011sif,
  title={{Separating intrinsic from extrinsic fluctuations in dynamic biological systems}},
  author={Andreas Hilfinger and Johan Paulsson},
  journal={Proc Natl Acad Sci USA},
  pages={},
  year={2011}
}

@article{Berg1978msf,
  title={{A model for the statistical fluctuations of protein numbers in a microbial population}},
  author={O G Berg},
  journal={J Theor Biol},
  volume={71},
  number={4},
  pages={587--603},
  year={1978}
}

@article{Erdmann2009rsa,
  title={{Role of spatial averaging in the precision of gene expression patterns}},
  author={Thorsten Erdmann and Martin Howard and Pieter Rein ten Wolde},
  journal={Phys Rev Lett},
  volume={103},
  number={25},
  pages={258101},
  year={2009}
}

@article{Ozbudak2004mlu,
  title={{Multistability in the lactose utilization network of Escherichia coli}},
  author={Ertugrul M Ozbudak and Mukund Thattai and Han N Lim and Boris I Shraiman and Alexander van Oudenaarden},
  journal={Nature},
  volume={427},
  number={6976},
  pages={737--40},
  year={2004}
}

@article{Mayer1988mhe,
  title={{The methanoreductosome: a high-molecular-weight enzyme complex in the methanogenic bacterium strain G{\"o}1 that contains components of the methylreductase system}},
  author={F Mayer and M Rohde and M Salzmann and A Jussofie and G Gottschalk},
  journal={J Bacteriol},
  volume={170},
  number={4},
  pages={1438--44},
  year={1988}
}

@article{Moore2008rss,
  title={{Robust spatial sensing of mating pheromone gradients by yeast cells}},
  author={Travis I Moore and Ching-Shan Chou and Qing Nie and Noo Li Jeon and Tau-Mu Yi},
  journal={PLoS One},
  volume={3},
  number={12},
  pages={e3865},
  year={2008}
}

@article{Muller2008tac,
  title={{Tug-of-war as a cooperative mechanism for bidirectional cargo transport by molecular motors}},
  author={Melanie J I M{\"u}ller and Stefan Klumpp and Reinhard Lipowsky},
  journal={Proc Natl Acad Sci USA},
  volume={105},
  number={12},
  pages={4609--14},
  year={2008}
}

@article{Paulsson2004sun,
  title={{Summing up the noise in gene networks}},
  author={Johan Paulsson},
  journal={Nature},
  volume={427},
  number={6973},
  pages={415--8},
  year={2004}
}

@article{Callura2010ttt,
  title={{Tracking, tuning, and terminating microbial physiology using synthetic riboregulators}},
  author={Jarred M Callura and Daniel J Dwyer and Farren J Isaacs and Charles R Cantor and James J Collins},
  journal={Proc Natl Acad Sci USA},
  volume={107},
  number={36},
  pages={15898--903},
  year={2010}
}

@article{Ben-Shem2010cse,
  title={{Crystal structure of the eukaryotic ribosome}},
  author={Adam Ben-Shem and Lasse Jenner and Gulnara Yusupova and Marat Yusupov},
  journal={Science},
  volume={330},
  number={6008},
  pages={1203--9},
  year={2010}
}

@article{Li2009sma,
  title={{Single molecule approaches to transcription factor kinetics in living cells}},
  author={Gene-Wei Li and Johan Elf},
  journal={FEBS Lett},
  volume={583},
  number={24},
  pages={3979--83},
  year={2009}
}

@article{Paulsson2000sff,
  title={{Stochastic focusing: fluctuation-enhanced sensitivity of intracellular regulation}},
  author={J Paulsson and O G Berg and M Ehrenberg},
  journal={Proc Natl Acad Sci USA},
  volume={97},
  number={13},
  pages={7148--53},
  year={2000}
}

@article{Hoops2006ccp,
  title={{COPASI--a COmplex PAthway SImulator}},
  author={Stefan Hoops and Sven Sahle and Ralph Gauges and Christine Lee and J{\"u}rgen Pahle and Natalia Simus and Mudita Singhal and Liang Xu and Pedro Mendes and Ursula Kummer},
  journal={Bioinformatics},
  volume={22},
  number={24},
  pages={3067--74},
  year={2006}
}

@article{Presse2010dfb,
  title={{Dynamical fluctuations in biochemical reactions and cycles}},
  author={S Press{\'e} and K Ghosh and R Phillips and K A Dill},
  journal={Phys Rev E},
  volume={82},
  number={3 Pt 1},
  pages={031905},
  year={2010}
}

@article{Cho2009cpo,
  title={{Can the protein occupancy landscape show the topologically isolated chromosomal domains in the E coli genome?: An exciting prospect}},
  author={Byung-Kwan Cho and Bernhard {\O} Palsson},
  journal={Mol Cell},
  volume={35},
  number={3},
  pages={255--6},
  year={2009}
}

@article{Raj2010vge,
  title={{Variability in gene expression underlies incomplete penetrance}},
  author={Arjun Raj and Scott A Rifkin and Erik Andersen and Alexander van Oudenaarden},
  journal={Nature},
  volume={463},
  number={7283},
  pages={913--918},
  year={2010}
}

@article{Ozbudak2002rne,
  title={{Regulation of noise in the expression of a single gene}},
  author={Ertugrul M Ozbudak and Mukund Thattai and Iren Kurtser and Alan D Grossman and Alexander van Oudenaarden},
  journal={Nat Genet},
  volume={31},
  number={1},
  pages={69--73},
  year={2002}
}

@article{Kerr2006das,
  title={{Division accuracy in a stochastic model of Min oscillations in Escherichia coli}},
  author={Rex A Kerr and Herbert Levine and Terrence J Sejnowski and Wouter-Jan Rappel},
  journal={Proc Natl Acad Sci USA},
  volume={103},
  number={2},
  pages={347--52},
  year={2006}
}

@article{Allen2006sre,
  title={{Simulating rare events in equilibrium or nonequilibrium stochastic systems}},
  author={Rosalind J Allen and Daan Frenkel and Pieter Rein ten Wolde},
  journal={J Chem Phys},
  volume={124},
  number={2},
  pages={024102},
  year={2006}
}

@article{Gillespie1976gmn,
  title={{A general method for numerically simulating the stochastic time evolution of coupled chemical reactions}},
  author={Dan T Gillespie},
  journal={J Comput Phys},
  volume={22},
  number={4},
  pages={403--434},
  year={1976}
}

@article{Elcock2001csp,
  title={{Computer simulation of protein-protein interactions}},
  author={AH Elcock and D Sept and JA McCammon},
  journal={J Phys Chem B},
  volume={105},
  number={8},
  pages={1504--1518},
  year={2001}
}

@article{Moxley2009lhm,
  title={{Linking high-resolution metabolic flux phenotypes and transcriptional regulation in yeast modulated by the global regulator Gcn4p}},
  author={Joel F Moxley and Michael C Jewett and Maciek R Antoniewicz and Silas G Villas-Boas and Hal Alper and Robert T Wheeler and Lily Tong and Alan G Hinnebusch and Trey Ideker and Jens Nielsen and Gregory Stephanopoulos},
  journal={Proc Natl Acad Sci USA},
  volume={106},
  number={16},
  pages={6477--82},
  year={2009}
}

@article{Lynch1993adb,
  title={{Anchoring of DNA to the bacterial cytoplasmic membrane through cotranscriptional synthesis of polypeptides encoding membrane proteins or proteins for export: a mechanism of plasmid hypernegative supercoiling in mutants deficient in DNA topoisomerase I}},
  author={A S Lynch and J C Wang},
  journal={J Bacteriol},
  volume={175},
  number={6},
  pages={1645--55},
  year={1993}
}

@article{Dykman1994lfo,
  title={{Large fluctuations and optimal paths in chemical kinetics}},
  author={M I Dykman and Eugenia Mori and John Ross and P M Hunt},
  journal={J Chem Phys},
  volume={100},
  number={8},
  pages={5735--5750},
  year={1994}
}

@article{Angeli2004dmb,
  title={{Detection of multistability, bifurcations, and hysteresis in a large class of biological positive-feedback systems}},
  author={David Angeli and James E Ferrell and Eduardo D Sontag},
  journal={Proc Natl Acad Sci USA},
  volume={101},
  number={7},
  pages={1822--7},
  year={2004}
}

@article{Tian2006smr,
  title={{Stochastic models for regulatory networks of the genetic toggle switch}},
  author={Tianhai Tian and Kevin Burrage},
  journal={Proc Natl Acad Sci USA},
  volume={103},
  number={22},
  pages={8372--7},
  year={2006}
}

@article{Sasai2003sge,
  title={{Stochastic gene expression as a many-body problem}},
  author={Masaki Sasai and Peter G Wolynes},
  journal={Proc Natl Acad Sci USA},
  volume={100},
  number={5},
  pages={2374--9},
  year={2003}
}

@article{Raj2008nnc,
  title={{Nature, nurture, or chance: stochastic gene expression and its consequences}},
  author={Arjun Raj and Alexander van Oudenaarden},
  journal={Cell},
  volume={135},
  number={2},
  pages={216--26},
  year={2008}
}

@article{Acar2008ssa,
  title={{Stochastic switching as a survival strategy in fluctuating environments}},
  author={Murat Acar and Jerome T Mettetal and Alexander van Oudenaarden},
  journal={Nat Genet},
  volume={40},
  number={4},
  pages={471--5},
  year={2008}
}

@article{Mustroph2009ipp,
  title={{Isolation of plant polysomal mRNA by differential centrifugation and ribosome immunopurification methods}},
  author={Angelika Mustroph and Piyada Juntawong and Julia Bailey-Serres},
  journal={Meth Mol Biol},
  volume={553},
  pages={109--26},
  year={2009}
}

@article{Graham2010mbc,
  title={{Modeling bistable cell-fate choices in the Drosophila eye: qualitative and quantitative perspectives}},
  author={Thomas G W Graham and S M Ali Tabei and Aaron R Dinner and Ilaria Rebay},
  journal={Development},
  volume={137},
  number={14},
  pages={2265--78},
  year={2010}
}

@article{Warmflash2007usn,
  title={{Umbrella sampling for nonequilibrium processes}},
  author={Aryeh Warmflash and Prabhakar Bhimalapuram and Aaron R Dinner},
  journal={J Chem Phys},
  volume={127},
  number={15},
  pages={154112},
  year={2007}
}

@article{Bose2008drc,
  title={{Distinct regulators control the expression of methanol methyltransferase isozymes in Methanosarcina acetivorans C2A}},
  author={Arpita Bose and William W Metcalf},
  journal={Mol Microbiol},
  volume={67},
  number={3},
  pages={649--61},
  year={2008}
}

@article{Shahrezaei2008cef,
  title={{Colored extrinsic fluctuations and stochastic gene expression}},
  author={Vahid Shahrezaei and Julien F Ollivier and Peter S Swain},
  journal={Mol Syst Biol},
  volume={4},
  pages={196},
  year={2008}
}

@article{Lengeler2000stc,
  title={{Signal transduction cascades regulating fungal development and virulence}},
  author={K B Lengeler and R C Davidson and C D'souza and T Harashima and W C Shen and P Wang and X Pan and M Waugh and J Heitman},
  journal={Microbiol Mol Biol Rev},
  volume={64},
  number={4},
  pages={746--85},
  year={2000}
}

@article{Bolhuis2002tps,
  title={{Transition path sampling: throwing ropes over rough mountain passes, in the dark}},
  author={Peter G Bolhuis and David Chandler and Christoph Dellago and Phillip L Geissler},
  journal={Annu Rev Phys Chem},
  volume={53},
  pages={291--318},
  year={2002}
}

@article{Tao1999fge,
  title={{Functional genomics: expression analysis of Escherichia coli growing on minimal and rich media}},
  author={H Tao and C Bausch and C Richmond and F R Blattner and T Conway},
  journal={J Bacteriol},
  volume={181},
  number={20},
  pages={6425--40},
  year={1999}
}

@article{Lestas2010fls,
  title={{Fundamental limits on the suppression of molecular fluctuations}},
  author={Ioannis Lestas and Glenn Vinnicombe and Johan Paulsson},
  journal={Nature},
  volume={467},
  number={7312},
  pages={174--8},
  year={2010}
}

@article{Jia2011ins,
  title={{Intrinsic noise in stochastic models of gene expression with molecular memory and bursting}},
  author={Tao Jia and Rahul V Kulkarni},
  journal={Phys Rev Lett},
  volume={106},
  number={5},
  pages={058102},
  year={2011}
}

@article{Wackett1987emn,
  title={{Electron microscopy of nickel-containing methanogenic enzymes: methyl reductase and F420-reducing hydrogenase}},
  author={L P Wackett and E A Hartwieg and J A King and W H Orme-Johnson and C T Walsh},
  journal={J Bacteriol},
  volume={169},
  number={2},
  pages={718--27},
  year={1987}
}

@article{Dame2011cma,
  title={{Chromosomal macrodomains and associated proteins: implications for DNA organization and replication in gram negative bacteria}},
  author={Remus T Dame and Olga J Kalmykowa and David C Grainger},
  journal={PLoS Genet},
  volume={7},
  number={6},
  pages={e1002123},
  year={2011}
}

@article{Thauer1998bmt,
  title={{Biochemistry of methanogenesis: a tribute to Marjory Stephenson 1998 Marjory Stephenson Prize Lecture}},
  author={R K Thauer},
  journal={Microbiology},
  volume={144 ( Pt 9)},
  pages={2377--406},
  year={1998}
}

@article{Laio2002efm,
  title={{Escaping free-energy minima}},
  author={Alessandro Laio and Michele Parrinello},
  journal={Proc Natl Acad Sci USA},
  volume={99},
  number={20},
  pages={12562--6},
  year={2002}
}

@article{Frembgen-Kesner2010apa,
  title={{Absolute protein-protein association rate constants from flexible, coarse-grained Brownian dynamics simulations: the role of intermolecular hydrodynamic interactions in barnase-barstar association}},
  author={Tamara Frembgen-Kesner and Adrian H Elcock},
  journal={Biophys J},
  volume={99},
  number={9},
  pages={L75--7},
  year={2010}
}

@article{Andrews2004ssc,
  title={{Stochastic simulation of chemical reactions with spatial resolution and single molecule detail}},
  author={Steven S Andrews and Dennis Bray},
  journal={Phys Biol},
  volume={1},
  number={3-4},
  pages={137--51},
  year={2004}
}

@article{Deppenmeier2008lct,
  title={{Life close to the thermodynamic limit: how methanogenic archaea conserve energy}},
  author={Uwe Deppenmeier and Volker M{\"u}ller},
  journal={Results Probl Cell Differ},
  volume={45},
  pages={123--52},
  year={2008}
}

@article{Erban2009smr,
  title={{Stochastic modelling of reaction-diffusion processes: algorithms for bimolecular reactions}},
  author={Radek Erban and S Jonathan Chapman},
  journal={Phys Biol},
  volume={6},
  number={4},
  pages={046001},
  year={2009}
}

@article{Dornmair1989fmg,
  title={{Fast measurement of galactoside transport by lactose permease}},
  author={K Dornmair and P Overath and F J{\"a}hnig},
  journal={J Biol Chem},
  volume={264},
  number={1},
  pages={342--6},
  year={1989}
}

@article{Lee2010hsn,
  title={{High-throughput, single-cell NF-κB dynamics}},
  author={Timothy K Lee and Markus W Covert},
  journal={Curr Opin Genet Dev},
  volume={20},
  number={6},
  pages={677--83},
  year={2010}
}

@article{Kural2005kdm,
  title={{Kinesin and dynein move a peroxisome in vivo: a tug-of-war or coordinated movement?}},
  author={Comert Kural and Hwajin Kim and Sheyum Syed and Gohta Goshima and Vladimir I Gelfand and Paul R Selvin},
  journal={Science},
  volume={308},
  number={5727},
  pages={1469--72},
  year={2005}
}

@article{Gillespie1996ens,
  title={{Exact numerical simulation of the Ornstein-Uhlenbeck process and its integral}},
  author={D T Gillespie},
  journal={Phys Rev E},
  volume={54},
  number={2},
  pages={2084--2091},
  year={1996}
}

@article{Kaern2005sge,
  title={{Stochasticity in gene expression: from theories to phenotypes}},
  author={Mads Kaern and Timothy C Elston and William J Blake and James J Collins},
  journal={Nat Rev Genet},
  volume={6},
  number={6},
  pages={451--64},
  year={2005}
}

@article{Kleckner2010msp,
  title={{Mesoscale spatial patterning in the Escherichia coli Min system: reaction-diffusion versus mechanical communication}},
  author={Nancy Kleckner},
  journal={Proc Natl Acad Sci USA},
  volume={107},
  number={18},
  pages={8053--4},
  year={2010}
}

@article{Fischer-Friedrich2010iif,
  title={{Intra- and intercellular fluctuations in Min-protein dynamics decrease with cell length}},
  author={Elisabeth Fischer-Friedrich and Giovanni Meacci and Joe Lutkenhaus and Hugues Chat{\'e} and Karsten Kruse},
  journal={Proc Natl Acad Sci USA},
  volume={107},
  number={14},
  pages={6134--9},
  year={2010}
}

@article{Xie2004tmt,
  title={{Transcription by Methanothermobacter thermautotrophicus RNA polymerase in vitro releases archaeal transcription factor B but not TATA-box binding protein from the template DNA}},
  author={Yunwei Xie and John N Reeve},
  journal={J Bacteriol},
  volume={186},
  number={18},
  pages={6306--10},
  year={2004}
}

@article{Woldringh2006spa,
  title={{Structural and physical aspects of bacterial chromosome segregation}},
  author={Conrad L Woldringh and Nanne Nanninga},
  journal={J Struct Biol},
  volume={156},
  number={2},
  pages={273--83},
  year={2006}
}

@article{Xu2009fib,
  title={{Flexibility in the inducer binding region is crucial for allostery in the Escherichia coli lactose repressor}},
  author={Jia Xu and Kathleen S Matthews},
  journal={Biochemistry},
  volume={48},
  number={22},
  pages={4988--98},
  year={2009}
}

@article{Kierzek2001ett,
  title={{The effect of transcription and translation initiation frequencies on the stochastic fluctuations in prokaryotic gene expression}},
  author={A M Kierzek and J Zaim and P Zielenkiewicz},
  journal={J Biol Chem},
  volume={276},
  number={11},
  pages={8165--72},
  year={2001}
}

@article{McAdams1997smg,
  title={{Stochastic mechanisms in gene expression}},
  author={H H McAdams and A Arkin},
  journal={Proc Natl Acad Sci USA},
  volume={94},
  number={3},
  pages={814--9},
  year={1997}
}

@article{Meisslitzer-Ruppitsch2009ptc,
  title={{Photooxidation technology for correlated light and electron microscopy}},
  author={C Meisslitzer-Ruppitsch and C R{\"o}hrl and J Neum{\"u}ller and M Pavelka and A Ellinger},
  journal={J Microsc},
  volume={235},
  number={3},
  pages={322--35},
  year={2009}
}

@article{Crooks2001etp,
  title={{Efficient transition path sampling for nonequilibrium stochastic dynamics}},
  author={G E Crooks and D Chandler},
  journal={Phys Rev E},
  volume={64},
  number={2 Pt 2},
  pages={026109},
  year={2001}
}

@article{Holtz2010esd,
  title={{Engineering static and dynamic control of synthetic pathways}},
  author={William J Holtz and Jay D Keasling},
  journal={Cell},
  volume={140},
  number={1},
  pages={19--23},
  year={2010}
}

@article{Lord2010ssi,
  title={{Single-molecule spectroscopy and imaging of biomolecules in living cells}},
  author={Samuel J Lord and Hsiao-Lu D Lee and W E Moerner},
  journal={Anal Chem},
  volume={82},
  number={6},
  pages={2192--203},
  year={2010}
}

@article{Zon2005sbn,
  title={{Simulating biochemical networks at the particle level and in time and space: Green's function reaction dynamics}},
  author={Jeroen S van Zon and Pieter Rein ten Wolde},
  journal={Phys Rev Lett},
  volume={94},
  number={12},
  pages={128103},
  year={2005}
}

@article{Swain2002iec,
  title={{Intrinsic and extrinsic contributions to stochasticity in gene expression}},
  author={Peter S Swain and Michael B Elowitz and Eric D Siggia},
  journal={Proc Natl Acad Sci USA},
  volume={99},
  number={20},
  pages={12795--800},
  year={2002}
}

@article{Wang2010kpt,
  title={{Kinetic paths, time scale, and underlying landscapes: a path integral framework to study global natures of nonequilibrium systems and networks}},
  author={Jin Wang and Kun Zhang and Erkwang Wang},
  journal={J Chem Phys},
  volume={133},
  number={12},
  pages={125103},
  year={2010}
}

@article{Suter2011mga,
  title={{Mammalian Genes Are Transcribed with Widely Different Bursting Kinetics}},
  author={David M Suter and Nacho Molina and David Gatfield and Kim Schneider and Ueli Schibler and Felix Naef},
  journal={Science},
  volume={332},
  number={6028},
  pages={472--474},
  year={2011}
}

@article{Beck2009vph,
  title={{Visual proteomics of the human pathogen Leptospira interrogans}},
  author={Martin Beck and Johan A Malmstr{\"o}m and Vinzenz Lange and Alexander Schmidt and Eric W Deutsch and Ruedi Aebersold},
  journal={Nat Meth},
  volume={6},
  number={11},
  pages={817--23},
  year={2009}
}

@article{Thattai2004sge,
  title={{Stochastic gene expression in fluctuating environments}},
  author={Mukund Thattai and Alexander van Oudenaarden},
  journal={Genetics},
  volume={167},
  number={1},
  pages={523--30},
  year={2004}
}

@article{Colson2011vwm,
  title={{Viruses with more than 1000 genes: Mamavirus, a new Acanthamoeba castellanii mimivirus strain, and reannotation of mimivirus genes}},
  author={Philippe Colson and Natalya Yutin and Svetlana A Shabalina and Catherine Robert and Ghislain Fournous and Bernard La Scola and Didier Raoult and Eugene V Koonin},
  journal={Genome Biol Evol},
  pages={},
  year={2011}
}

@article{Zon2006dtf,
  title={{Diffusion of transcription factors can drastically enhance the noise in gene expression}},
  author={Jeroen S van Zon and Marco J Morelli and Sorin T{\u a}nase-Nicola and Pieter Rein ten Wolde},
  journal={Biophys J},
  volume={91},
  number={12},
  pages={4350--67},
  year={2006}
}

@article{Blake2003neg,
  title={{Noise in eukaryotic gene expression}},
  author={William J Blake and Mads Kaern and Charles R Cantor and J J Collins},
  journal={Nature},
  volume={422},
  number={6932},
  pages={633--7},
  year={2003}
}

@article{Zanetti2005ipc,
  title={{Immunopurification of polyribosomal complexes of Arabidopsis for global analysis of gene expression}},
  author={Mar{\'\i}a Eugenia Zanetti and Ing-Feng Chang and Fangcheng Gong and David W Galbraith and Julia Bailey-Serres},
  journal={Plant Physiol},
  volume={138},
  number={2},
  pages={624--35},
  year={2005}
}

@article{Chen2006fcm,
  title={{Feedback control of morphogenesis in fungi by aromatic alcohols}},
  author={Hao Chen and Gerald R Fink},
  journal={Gene Dev},
  volume={20},
  number={9},
  pages={1150--61},
  year={2006}
}

@article{Jensen2011fim,
  title={{Functional integration of a metabolic network model and expression data without arbitrary thresholding}},
  author={Paul A Jensen and Jason A Papin},
  journal={Bioinformatics},
  volume={27},
  number={4},
  pages={541--7},
  year={2011}
}

@article{Ochab-Marcinek2010enp,
  title={{Extrinsic noise passing through a Michaelis-Menten reaction: a universal response of a genetic switch}},
  author={Anna Ochab-Marcinek},
  journal={J Theor Biol},
  volume={263},
  number={4},
  pages={510--20},
  year={2010}
}

@article{Berg1981dmp,
  title={{Diffusion-driven mechanisms of protein translocation on nucleic acids 1 Models and theory}},
  author={O G Berg and R B Winter and P H von Hippel},
  journal={Biochemistry},
  volume={20},
  number={24},
  pages={6929--48},
  year={1981}
}

@article{Golding2006pnb,
  title={{Physical nature of bacterial cytoplasm}},
  author={Ido Golding and Edward C Cox},
  journal={Phys Rev Lett},
  volume={96},
  number={9},
  pages={098102},
  year={2006}
}

@article{Ridgway2008cms,
  title={{Coarse-grained molecular simulation of diffusion and reaction kinetics in a crowded virtual cytoplasm}},
  author={Douglas Ridgway and Gordon Broderick and Ana Lopez-Campistrous and Melania Ru'aini and Philip Winter and Matthew Hamilton and Pierre Boulanger and Andriy Kovalenko and Michael J Ellison},
  journal={Biophys J},
  volume={94},
  number={10},
  pages={3748--59},
  year={2008}
}

@article{Paulsson2001nmr,
  title={{Noise in a minimal regulatory network: plasmid copy number control}},
  author={J Paulsson and M Ehrenberg},
  journal={Q Rev Biophys},
  volume={34},
  number={1},
  pages={1--59},
  year={2001}
}

@article{Dunaway1980ksi,
  title={{Kinetic studies of inducer binding to lac repressoroperator complex}},
  author={M Dunaway and J S Olson and J M Rosenberg and O B Kallai and R E Dickerson and K S Matthews},
  journal={J Biol Chem},
  volume={255},
  number={21},
  pages={10115--9},
  year={1980}
}

@article{Raj2009sas,
  title={{Single-molecule approaches to stochastic gene expression}},
  author={Arjun Raj and Alexander van Oudenaarden},
  journal={Annu Rev Biophys},
  volume={38},
  pages={255--70},
  year={2009}
}

@article{Leis2009vcn,
  title={{Visualizing cells at the nanoscale}},
  author={Andrew Leis and Beate Rockel and Lars Andrees and Wolfgang Baumeister},
  journal={Trends Biochem Sci},
  volume={34},
  number={2},
  pages={60--70},
  year={2009}
}

@article{Covert2008imt,
  title={{Integrating metabolic, transcriptional regulatory and signal transduction models in Escherichia coli}},
  author={Markus W Covert and Nan Xiao and Tiffany J Chen and Jonathan R Karr},
  journal={Bioinformatics},
  volume={24},
  number={18},
  pages={2044--50},
  year={2008}
}

@article{Gasper2009ddn,
  title={{Diffusion, dimensionality, and noise in transcriptional regulation}},
  author={Ga{\v s}per Tka{\v c}ik and William Bialek},
  journal={Phys Rev E},
  volume={79},
  number={5},
  pages={051901},
  year={2009}
}

@article{Engblom2009gsm,
  title={{Galerkin spectral method applied to the chemical master equation}},
  author={Stefan Engblom},
  journal={Commun Comput Phys},
  volume={5},
  number={5},
  pages={871--896},
  year={2009}
}

@article{Blainey2009nbp,
  title={{Nonspecifically bound proteins spin while diffusing along DNA}},
  author={Paul C Blainey and Guobin Luo and S C Kou and Walter F Mangel and Gregory L Verdine and Biman Bagchi and X Sunney Xie},
  journal={Nat Struct Mol Biol},
  volume={16},
  number={12},
  pages={1224--1229},
  year={2009}
}

@article{Yildiz2003mwh,
  title={{Myosin V walks hand-over-hand: single fluorophore imaging with 15-nm localization}},
  author={Ahmet Yildiz and Joseph N Forkey and Sean A McKinney and Taekjip Ha and Yale E Goldman and Paul R Selvin},
  journal={Science},
  volume={300},
  number={5628},
  pages={2061--5},
  year={2003}
}

@article{Breaker2010rrw,
  title={{Riboswitches and the RNA World}},
  author={Ronald R Breaker},
  journal={Cold Spring Harb Perspect Biol},
  pages={},
  year={2010}
}

@article{Loose2011psl,
  title={{Protein self-organization: lessons from the min system}},
  author={Martin Loose and Karsten Kruse and Petra Schwille},
  journal={Annu Rev Biophys},
  volume={40},
  pages={315--36},
  year={2011}
}

@article{Shahrezaei2008ads,
  title={{Analytical distributions for stochastic gene expression}},
  author={Vahid Shahrezaei and Peter S Swain},
  journal={Proc Natl Acad Sci USA},
  volume={105},
  number={45},
  pages={17256--61},
  year={2008}
}

@article{Schink1997esc,
  title={{Energetics of syntrophic cooperation in methanogenic degradation}},
  author={B Schink},
  journal={Microbiol Mol Biol Rev},
  volume={61},
  number={2},
  pages={262--80},
  year={1997}
}

@article{Fredrick2010hsg,
  title={{How the sequence of a gene can tune its translation}},
  author={Kurt Fredrick and Michael Ibba},
  journal={Cell},
  volume={141},
  number={2},
  pages={227--9},
  year={2010}
}

@article{Rao2003sck,
  title={{Stochastic chemical kinetics and the quasi-steady-state assumption: Application to the Gillespie algorithm}},
  author={Christopher V Rao and Adam P Arkin},
  journal={J Chem Phys},
  volume={118},
  number={11},
  pages={4999--5010},
  year={2003}
}

@article{Roma2005ope,
  title={{Optimal path to epigenetic switching}},
  author={David Marin Roma and Ruadhan A O'Flanagan and Andrei E Ruckenstein and Anirvan M Sengupta and Ranjan Mukhopadhyay},
  journal={Phys Rev E},
  volume={71},
  number={1 Pt 1},
  pages={011902},
  year={2005}
}

@article{Warren2005cmg,
  title={{Chemical Models of Genetic Toggle Switches}},
  author={Patrick B Warren and Pieter Rein ten Wolde},
  journal={J Phys Chem B},
  volume={109},
  pages={6812--6823},
  year={2005}
}

@article{Paulsson2005msg,
  title={{Models of stochastic gene expression}},
  author={Johan Paulsson},
  journal={Phys Life Rev},
  volume={2},
  number={2},
  pages={157--175},
  year={2005}
}

@article{Thiele2010fca,
  title={{Functional characterization of alternate optimal solutions of Escherichia coli's transcriptional and translational machinery}},
  author={Ines Thiele and Ronan M T Fleming and Aarash Bordbar and Jan Schellenberger and Bernhard {\O} Palsson},
  journal={Biophys J},
  volume={98},
  number={10},
  pages={2072--81},
  year={2010}
}

@article{Ebner2010bci,
  title={{Binding of coenzyme B induces a major conformational change in the active site of methyl-coenzyme M reductase}},
  author={Sieglinde Ebner and Bernhard Jaun and Meike Goenrich and Rudolf K Thauer and Jeffrey Harmer},
  journal={J Am Chem Soc},
  volume={132},
  number={2},
  pages={567--75},
  year={2010}
}

@article{Kofahl2004mdy,
  title={{Modelling the dynamics of the yeast pheromone pathway}},
  author={Bente Kofahl and Edda Klipp},
  journal={Yeast},
  volume={21},
  number={10},
  pages={831--50},
  year={2004}
}

@article{Dunlop2008rar,
  title={{Regulatory activity revealed by dynamic correlations in gene expression noise}},
  author={Mary J Dunlop and Robert Sidney Cox and Joseph H Levine and Richard M Murray and Michael B Elowitz},
  journal={Nat Genet},
  volume={40},
  number={12},
  pages={1493--8},
  year={2008}
}

@article{Ishihama2009smt,
  title={{Single molecule tracking of quantum dot-labeled mRNAs in a cell nucleus}},
  author={Yo Ishihama and Takashi Funatsu},
  journal={Biochem Biophys Res Comm},
  volume={381},
  number={1},
  pages={33--8},
  year={2009}
}

@article{Laio2008mms,
  title={{Metadynamics: a method to simulate rare events and reconstruct the free energy in biophysics, chemistry and material science}},
  author={Alessandro Laio and Francesco L Gervasio},
  journal={Rep Progr Phys},
  volume={71},
  pages={126601},
  year={2008}
}

@article{Carr2009ge,
  title={{Genome engineering}},
  author={Peter A Carr and George M Church},
  journal={Nat Biotechnol},
  volume={27},
  number={12},
  pages={1151--1162},
  year={2009}
}

@article{Min2006wdm,
  title={{When does the Michaelis-Menten equation hold for fluctuating enzymes?}},
  author={Wei Min and Irina V Gopich and Brian P English and S C Kou and X Sunney Xie and Attila Szabo},
  journal={J Phys Chem B},
  volume={110},
  number={41},
  pages={20093--7},
  year={2006}
}

@article{Ivanov2010mmi,
  title={{Multiple modes of interconverting dynamic pattern formation by bacterial cell division proteins}},
  author={Vassili Ivanov and Kiyoshi Mizuuchi},
  journal={Proc Natl Acad Sci USA},
  volume={107},
  number={18},
  pages={8071--8},
  year={2010}
}

@article{Laxman2010sas,
  title={{Systems approaches for the study of metabolic cycles in yeast}},
  author={Sunil Laxman and Benjamin P Tu},
  journal={Curr Opin Genet Dev},
  volume={20},
  number={6},
  pages={599--604},
  year={2010}
}

@article{Lueders2000apd,
  title={{Archaeal population dynamics during sequential reduction processes in rice field soil}},
  author={T Lueders and M Friedrich},
  journal={Appl Environ Microbiol},
  volume={66},
  number={7},
  pages={2732--42},
  year={2000}
}

@article{Kuhner2009pog,
  title={{Proteome organization in a genome-reduced bacterium}},
  author={Sebastian K{\"u}hner and Vera van Noort and Matthew J Betts and Alejandra Leo-Macias and Claire Batisse and Michaela Rode and Takuji Yamada and Tobias Maier and Samuel Bader and Pedro Beltran-Alvarez and Daniel Casta{\~n}o-Diez and Wei-Hua Chen and Damien Devos and Marc G{\"u}ell and Tomas Norambuena and Ines Racke and Vladimir Rybin and Alexander Schmidt and Eva Yus and Ruedi Aebersold and Richard Herrmann and Bettina B{\"o}ttcher and Achilleas S Frangakis and Robert B Russell and Luis Serrano and Peer Bork and Anne-Claude Gavin},
  journal={Science},
  volume={326},
  number={5957},
  pages={1235--40},
  year={2009}
}

@article{Macfarlane1995fip,
  title={{The functional integration of a polytopic membrane protein of Escherichia coli is dependent on the bacterial signal-recognition particle}},
  author={J Macfarlane and M M{\"u}ller},
  journal={Eur J Biochem},
  volume={233},
  number={3},
  pages={766--71},
  year={1995}
}

@article{Heise2005dir,
  title={{DIC image reconstruction on large cell scans}},
  author={Bettina Heise and Alois Sonnleitner and Erich Peter Klement},
  journal={Microsc Res Tech},
  volume={66},
  number={6},
  pages={312--320},
  year={2005}
}

@article{Delong2010itc,
  title={{Interesting things come in small packages}},
  author={Edward F Delong},
  journal={Genome Biol},
  volume={11},
  number={5},
  pages={118},
  year={2010}
}

@article{Barkai2009rgd,
  title={{Robust generation and decoding of morphogen gradients}},
  author={Naama Barkai and Ben-Zion Shilo},
  journal={Cold Spring Harb Perspect Biol},
  volume={1},
  number={5},
  pages={a001990},
  year={2009}
}

@article{Sprague2006elh,
  title={{Eukaryotes learn how to count: quorum sensing by yeast}},
  author={George F Sprague and Stephen C Winans},
  journal={Gene Dev},
  volume={20},
  number={9},
  pages={1045--9},
  year={2006}
}

@article{Pollak2005rrt,
  title={{Reaction rate theory: what it was, where is it today, and where is it going?}},
  author={Eli Pollak and Peter Talkner},
  journal={Chaos},
  volume={15},
  number={2},
  pages={26116},
  year={2005}
}

@article{Lewis2000ctt,
  title={{Compartmentalization of transcription and translation in Bacillus subtilis}},
  author={P J Lewis and S D Thaker and J Errington},
  journal={EMBO J},
  volume={19},
  number={4},
  pages={710--8},
  year={2000}
}

@article{Dickson2009nus,
  title={{Nonequilibrium umbrella sampling in spaces of many order parameters}},
  author={Alex Dickson and Aryeh Warmflash and Aaron R Dinner},
  journal={J Chem Phys},
  volume={130},
  number={7},
  pages={074104},
  year={2009}
}

@article{Gillespie2009sbm,
  title={{The subtle business of model reduction for stochastic chemical kinetics}},
  author={Dan T Gillespie and Yang Cao and Kevin R Sanft and Linda R Petzold},
  journal={J Chem Phys},
  volume={130},
  number={6},
  pages={064103},
  year={2009}
}

@article{Tyson2010fmb,
  title={{Functional motifs in biochemical reaction networks}},
  author={John J Tyson and B{\'e}la Nov{\'a}k},
  journal={Annu Rev Phys Chem},
  volume={61},
  pages={219--40},
  year={2010}
}

@article{Beg2007icd,
  title={{Intracellular crowding defines the mode and sequence of substrate uptake by Escherichia coli and constrains its metabolic activity}},
  author={Q K Beg and A Vazquez and J Ernst and M A de Menezes and Z Bar-Joseph and A-L Barab{\'a}si and Z N Oltvai},
  journal={Proc Natl Acad Sci USA},
  volume={104},
  number={31},
  pages={12663--8},
  year={2007}
}

@article{Zhang2009tsv,
  title={{Three-dimensional structural view of the central metabolic network of Thermotoga maritima}},
  author={Ying Zhang and Ines Thiele and Dana Weekes and Zhanwen Li and Lukasz Jaroszewski and Krzysztof Ginalski and Ashley M Deacon and John Wooley and Scott A Lesley and Ian A Wilson and Bernhard Palsson and Andrei Osterman and Adam Godzik},
  journal={Science},
  volume={325},
  number={5947},
  pages={1544--9},
  year={2009}
}

@article{Bashor2010rcs,
  title={{Rewiring cells: synthetic biology as a tool to interrogate the organizational principles of living systems}},
  author={Caleb J Bashor and Andrew A Horwitz and Sergio G Peisajovich and Wendell A Lim},
  journal={Annu Rev Biophys},
  volume={39},
  pages={515--37},
  year={2010}
}

@article{Facey2004mie,
  title={{Membrane integration of E coli model membrane proteins}},
  author={Sandra J Facey and Andreas Kuhn},
  journal={Biochim Biophys Acta},
  volume={1694},
  number={1-3},
  pages={55--66},
  year={2004}
}

@article{Gibson2010cbc,
  title={{Creation of a Bacterial Cell Controlled by a Chemically Synthesized Genome}},
  author={Daniel G Gibson and John I Glass and Carole Lartigue and Vladimir N Noskov and Ray-Yuan Chuang and Mikkel A Algire and Gwynedd A Benders and Michael G Montague and Li Ma and Monzia M Moodie and Chuck Merryman and Sanjay Vashee and Radha Krishnakumar and Nacyra Assad-Garcia and Cynthia Andrews-Pfannkoch and Evgeniya A Denisova and Lei Young and Zhi-Qing Qi and Thomas H Segall-Shapiro and Christopher H Calvey and Prashanth P Parmar and Clyde A Hutchison and Hamilton O Smith and J Craig Venter},
  journal={Science},
  pages={},
  year={2010}
}

@article{Bendtsen2011die,
  title={{Direct and indirect effects in the regulation of overlapping promoters}},
  author={Kristian Moss Bendtsen and J{\'a}nos Erdossy and Zsolt Csiszovszki and Sine Lo Svenningsen and Kim Sneppen and Sandeep Krishna and Szabolcs Semsey},
  journal={Nucleic Acids Res},
  pages={},
  year={2011}
}

@article{Malek-Mansour1975med,
  title={{A master equation description of local fluctuations}},
  author={M Malek-Mansour and G Nicolis},
  journal={J Stat Phys},
  volume={13},
  number={3},
  pages={197--217},
  year={1975}
}

@article{Herrgard2005uwf,
  title={{Untangling the web of functional and physical interactions in yeast}},
  author={Markus J Herrg{\aa}rd and Bernhard {\O} Palsson},
  journal={J Biol},
  volume={4},
  number={2},
  pages={5},
  year={2005}
}

@article{Tan2010tcs,
  title={{Transcript counting in single cells reveals dynamics of rDNA transcription}},
  author={Rui Zhen Tan and Alexander van Oudenaarden},
  journal={Mol Syst Biol},
  volume={6},
  pages={358},
  year={2010}
}

@article{So2011gpt,
  title={{General properties of transcriptional time series in Escherichia coli}},
  author={Lok-Hang So and Anandamohan Ghosh and Chenghang Zong and Leonardo A Sep{\'u}lveda and Ronen Segev and Ido Golding},
  journal={Nat Genet},
  volume={43},
  number={6},
  pages={554--60},
  year={2011}
}

@article{Heindl2010rfa,
  title={{Requirement for formin-induced actin polymerization during spread of Shigella flexneri}},
  author={Jason E Heindl and Indrani Saran and Chae-ryun Yi and Cammie F Lesser and Marcia B Goldberg},
  journal={Infect Immun},
  volume={78},
  number={1},
  pages={193--203},
  year={2010}
}

@article{Mulder2010vrb,
  title={{Visualizing ribosome biogenesis: parallel assembly pathways for the 30S subunit}},
  author={Anke M Mulder and Craig Yoshioka and Andrea H Beck and Anne E Bunner and Ronald A Milligan and Clinton S Potter and Bridget Carragher and James R Williamson},
  journal={Science},
  volume={330},
  number={6004},
  pages={673--7},
  year={2010}
}

@article{Lutkenhaus2007adb,
  title={{Assembly dynamics of the bacterial MinCDE system and spatial regulation of the Z ring}},
  author={Joe Lutkenhaus},
  journal={Annu Rev Biochem},
  volume={76},
  pages={539--62},
  year={2007}
}

@article{Hu2010fpt,
  title={{First passage time distribution in stochastic processes with moving and static absorbing boundaries with application to biological rupture experiments}},
  author={Zhonghan Hu and Liwen Cheng and B J Berne},
  journal={J Chem Phys},
  volume={133},
  number={3},
  pages={034105},
  year={2010}
}

@article{Hirata2008xcs,
  title={{The X-ray crystal structure of RNA polymerase from Archaea}},
  author={Akira Hirata and Brianna J Klein and Katsuhiko S Murakami},
  journal={Nature},
  volume={451},
  number={7180},
  pages={851--4},
  year={2008}
}

@article{Mitchell2009ape,
  title={{Adaptive prediction of environmental changes by microorganisms}},
  author={Amir Mitchell and Gal H Romano and Bella Groisman and Avihu Yona and Erez Dekel and Martin Kupiec and Orna Dahan and Yitzhak Pilpel},
  journal={Nature},
  volume={460},
  number={7252},
  pages={220--224},
  year={2009}
}

@article{Buan2010mma,
  title={{Methanogenesis by Methanosarcina acetivorans involves two structurally and functionally distinct classes of heterodisulfide reductase}},
  author={Nicole R Buan and William W Metcalf},
  journal={Mol Microbiol},
  volume={75},
  number={4},
  pages={843--53},
  year={2010}
}

@article{Walczak2009gcs,
  title={{Gene-gene cooperativity in small networks}},
  author={Aleksandra M Walczak and Peter G Wolynes},
  journal={Biophys J},
  volume={96},
  number={11},
  pages={4525--41},
  year={2009}
}

@article{Dekel2005oet,
  title={{Optimality and evolutionary tuning of the expression level of a protein}},
  author={Erez Dekel and Uri Alon},
  journal={Nature},
  volume={436},
  number={7050},
  pages={588--92},
  year={2005}
}

@article{Pavin2006moe,
  title={{Min-protein oscillations in Escherichia coli with spontaneous formation of two-stranded filaments in a three-dimensional stochastic reaction-diffusion model}},
  author={Nenad Pavin and Hana Cipci{\'c} Paljetak and Vladimir Krsti{\'c}},
  journal={Phys Rev E},
  volume={73},
  number={2 Pt 1},
  pages={021904},
  year={2006}
}

@article{Thattai2001ing,
  title={{Intrinsic noise in gene regulatory networks}},
  author={M Thattai and A van Oudenaarden},
  journal={Proc Natl Acad Sci USA},
  volume={98},
  number={15},
  pages={8614--9},
  year={2001}
}

@article{Oehler1990tol,
  title={{The three operators of the lac operon cooperate in repression}},
  author={S Oehler and E R Eismann and H Kr{\"a}mer and B M{\"u}ller-Hill},
  journal={EMBO J},
  volume={9},
  number={4},
  pages={973--9},
  year={1990}
}

@article{Goeddel1977bsl,
  title={{Binding of synthetic lactose operator DNAs to lactose represessors}},
  author={D V Goeddel and D G Yansura and M H Caruthers},
  journal={Proc Natl Acad Sci USA},
  volume={74},
  number={8},
  pages={3292--6},
  year={1977}
}

@article{Hale2001dlc,
  title={{Dynamic localization cycle of the cell division regulator MinE in Escherichia coli}},
  author={C A Hale and H Meinhardt and P A de Boer},
  journal={EMBO J},
  volume={20},
  number={7},
  pages={1563--72},
  year={2001}
}

@article{Zong2010lsi,
  title={{Lysogen stability is determined by the frequency of activity bursts from the fate-determining gene}},
  author={Chenghang Zong and Lok-Hang So and Leonardo A Sep{\'u}lveda and Samuel O Skinner and Ido Golding},
  journal={Mol Syst Biol},
  volume={6},
  pages={440},
  year={2010}
}

@article{Cedervall2010sii,
  title={{Structural insight into methyl-coenzyme M reductase chemistry using coenzyme B analogues}},
  author={Peder E Cedervall and Mishtu Dey and Arwen R Pearson and Stephen W Ragsdale and Carrie M Wilmot},
  journal={Biochemistry},
  volume={49},
  number={35},
  pages={7683--93},
  year={2010}
}

@article{Wang2011con,
  title={{Chromosome organization by a nucleoid-associated protein in live bacteria}},
  author={Wenqin Wang and Gene-Wei Li and Chongyi Chen and X Sunney Xie and Xiaowei Zhuang},
  journal={Science},
  volume={333},
  number={6048},
  pages={1445--9},
  year={2011}
}

@article{Elowitz2002sge,
  title={{Stochastic gene expression in a single cell}},
  author={Michael B Elowitz and Arnold J Levine and Eric D Siggia and Peter S Swain},
  journal={Science},
  volume={297},
  number={5584},
  pages={1183--6},
  year={2002}
}

@article{Jamshidi2008fgk,
  title={{Formulating genome-scale kinetic models in the post-genome era}},
  author={Neema Jamshidi and Bernhard {\O} Palsson},
  journal={Mol Syst Biol},
  volume={4},
  pages={171},
  year={2008}
}

@article{Cheong2011itc,
  title={{Information Transduction Capacity of Noisy Biochemical Signaling Networks}},
  author={Raymond Cheong and Alex Rhee and Chiaochun Joanne Wang and Ilya Nemenman and Andre Levchenko},
  journal={Science},
  pages={},
  year={2011}
}

@article{Vora2009pol,
  title={{Protein occupancy landscape of a bacterial genome}},
  author={Tiffany Vora and Alison K Hottes and Saeed Tavazoie},
  journal={Mol Cell},
  volume={35},
  number={2},
  pages={247--53},
  year={2009}
}

@article{Larson2011rot,
  title={{Real-Time Observation of Transcription Initiation and Elongation on an Endogenous Yeast Gene}},
  author={Daniel R Larson and Daniel Zenklusen and Bin Wu and Jeffrey A Chao and Robert H Singer},
  journal={Science},
  volume={332},
  number={6028},
  pages={475--478},
  year={2011}
}

@article{Kim2008res,
  title={{Replica exchange simulations of transient encounter complexes in protein-protein association}},
  author={Young C Kim and Chun Tang and G Marius Clore and Gerhard Hummer},
  journal={Proc Natl Acad Sci USA},
  volume={105},
  number={35},
  pages={12855--60},
  year={2008}
}

@article{Eldar2010frn,
  title={{Functional roles for noise in genetic circuits}},
  author={Avigdor Eldar and Michael B Elowitz},
  journal={Nature},
  volume={467},
  number={7312},
  pages={167--73},
  year={2010}
}

@article{Gruhler2005qpa,
  title={{Quantitative phosphoproteomics applied to the yeast pheromone signaling pathway}},
  author={Albrecht Gruhler and Jesper V Olsen and Shabaz Mohammed and Peter Mortensen and Nils J Faergeman and Matthias Mann and Ole N Jensen},
  journal={Mol Cell Proteomics},
  volume={4},
  number={3},
  pages={310--27},
  year={2005}
}

@article{Nagamori2004ryf,
  title={{Role of YidC in folding of polytopic membrane proteins}},
  author={Shushi Nagamori and Irina N Smirnova and H Ronald Kaback},
  journal={J Cell Biol},
  volume={165},
  number={1},
  pages={53--62},
  year={2004}
}

@article{Burrill2010mcm,
  title={{Making cellular memories}},
  author={Devin R Burrill and Pamela A Silver},
  journal={Cell},
  volume={140},
  number={1},
  pages={13--8},
  year={2010}
}

@article{Bose2006drt,
  title={{Differential regulation of the three methanol methyltransferase isozymes in Methanosarcina acetivorans C2A}},
  author={Arpita Bose and Matthew A Pritchett and Michael Rother and William W Metcalf},
  journal={J Bacteriol},
  volume={188},
  number={20},
  pages={7274--83},
  year={2006}
}

@article{Gillespie2009rws,
  title={{Refining the weighted stochastic simulation algorithm}},
  author={Dan T Gillespie and Min Roh and Linda R Petzold},
  journal={J Chem Phys},
  volume={130},
  number={17},
  pages={174103},
  year={2009}
}

@article{Pedraza2008emm,
  title={{Effects of molecular memory and bursting on fluctuations in gene expression}},
  author={Juan M Pedraza and Johan Paulsson},
  journal={Science},
  volume={319},
  number={5861},
  pages={339--43},
  year={2008}
}

@article{Dickson2010esn,
  title={{Enhanced sampling of nonequilibrium steady states}},
  author={Alex Dickson and Aaron R Dinner},
  journal={Annu Rev Phys Chem},
  volume={61},
  pages={441--59},
  year={2010}
}

@article{Sanft2011ssd,
  title={{StochKit2: software for discrete stochastic simulation of biochemical systems with events}},
  author={Kevin R Sanft and Sheng Wu and Min Roh and Jin Fu and Rone Kwei Lim and Linda R Petzold},
  journal={Bioinformatics},
  volume={27},
  number={17},
  pages={2457--8},
  year={2011}
}

@article{Wong1997mml,
  title={{Mathematical model of the lac operon: inducer exclusion, catabolite repression, and diauxic growth on glucose and lactose}},
  author={P Wong and S Gladney and J D Keasling},
  journal={Biotechnol Progr},
  volume={13},
  number={2},
  pages={132--43},
  year={1997}
}

@article{Bagnat2002csp,
  title={{Cell surface polarization during yeast mating}},
  author={Michel Bagnat and Kai Simons},
  journal={Proc Natl Acad Sci USA},
  volume={99},
  number={22},
  pages={14183--8},
  year={2002}
}

@article{Pritchett2004dmg,
  title={{Development of a markerless genetic exchange method for Methanosarcina acetivorans C2A and its use in construction of new genetic tools for methanogenic archaea}},
  author={Matthew A Pritchett and Jun Kai Zhang and William W Metcalf},
  journal={Appl Environ Microbiol},
  volume={70},
  number={3},
  pages={1425--33},
  year={2004}
}

@article{Keizer1982nst,
  title={{Nonequilibrium statistical thermodynamics and the effect of diffusion on chemical reaction rates}},
  author={J Keizer},
  journal={J Phys Chem},
  volume={86},
  number={26},
  pages={5052--5067},
  year={1982}
}

@article{Ma1994ear,
  title={{Efficient anchoring of RNA polymerase in Escherichia coli during coupled transcription-translation of genes encoding integral inner membrane polypeptides}},
  author={D Ma and D N Cook and N G Pon and J E Hearst},
  journal={J Biol Chem},
  volume={269},
  number={21},
  pages={15362--70},
  year={1994}
}

@article{Jia2010prn,
  title={{Post-transcriptional regulation of noise in protein distributions during gene expression}},
  author={Tao Jia and Rahul V Kulkarni},
  journal={Phys Rev Lett},
  volume={105},
  number={1},
  pages={018101},
  year={2010}
}

@article{Bruckner2011crl,
  title={{Choosing the right lifestyle: adhesion and development in Saccharomyces cerevisiae}},
  author={Stefan Br{\"u}ckner and Hans-Ulrich M{\"o}sch},
  journal={FEMS Microbiol Rev},
  pages={},
  year={2011}
}

@article{Assaf2006stm,
  title={{Spectral theory of metastability and extinction in birth-death systems}},
  author={Michael Assaf and Baruch Meerson},
  journal={Phys Rev Lett},
  volume={97},
  number={20},
  pages={200602},
  year={2006}
}

@article{Zheng2010ebr,
  title={{Effects of bidirectional regulation on noises in gene networks}},
  author={Xiudeng Zheng and Yi Tao},
  journal={Phys Chem Chem Phys},
  volume={12},
  number={10},
  pages={2418--26},
  year={2010}
}

@article{Gianchandani2009fsg,
  title={{Functional states of the genome-scale Escherichia coli transcriptional regulatory system}},
  author={Erwin P Gianchandani and Andrew R Joyce and Bernhard {\O} Palsson and Jason A Papin},
  journal={PLoS Comput Biol},
  volume={5},
  number={6},
  pages={e1000403},
  year={2009}
}

@article{Grosskopf1998dsm,
  title={{Diversity and structure of the methanogenic community in anoxic rice paddy soil microcosms as examined by cultivation and direct 16S rRNA gene sequence retrieval}},
  author={R Grosskopf and P H Janssen and W Liesack},
  journal={Appl Environ Microbiol},
  volume={64},
  number={3},
  pages={960--9},
  year={1998}
}

@article{Bell2000cvc,
  title={{A closer view of the conformation of the Lac repressor bound to operator}},
  author={C E Bell and M Lewis},
  journal={Nat Struct Biol},
  volume={7},
  number={3},
  pages={209--14},
  year={2000}
}

@article{Soppa2011irt,
  title={{Initiation and regulation of translation in halophilic Archaea}},
  author={J{\"o}rg Soppa},
  journal={Halophiles and Hypersaline Environments},
  pages={191--205},
  year={2011}
}

@article{Lorenzo-Ginori2007aht,
  title={{An Approach to the 2D Hilbert Transform for Image Processing Applications}},
  author={Juan Valent{\'\i}n Lorenzo-Ginori},
  journal={LNCS},
  volume={4633},
  pages={157--165},
  year={2007}
}

@article{Taniguchi2010qec,
  title={{Quantifying E coli Proteome and Transcriptome with Single-Molecule Sensitivity in Single Cells}},
  author={Yuichi Taniguchi and Paul J Choi and Gene-Wei Li and Huiyi Chen and Mohan Babu and Jeremy Hearn and Andrew Emili and X Sunney Xie},
  journal={Science},
  volume={329},
  number={5991},
  pages={533--8},
  year={2010}
}

@article{Andrews2010dsc,
  title={{Detailed simulations of cell biology with Smoldyn 21}},
  author={Steven S Andrews and Nathan J Addy and Roger Brent and Adam P Arkin},
  journal={PLoS Comput Biol},
  volume={6},
  number={3},
  pages={e1000705},
  year={2010}
}

@article{Ferry1999eom,
  title={{Enzymology of one-carbon metabolism in methanogenic pathways}},
  author={J G Ferry},
  journal={FEMS Microbiol Rev},
  volume={23},
  number={1},
  pages={13--38},
  year={1999}
}

@article{Volfson2006oev,
  title={{Origins of extrinsic variability in eukaryotic gene expression}},
  author={Dmitri Volfson and Jennifer Marciniak and William J Blake and Natalie Ostroff and Lev S Tsimring and Jeff Hasty},
  journal={Nature},
  volume={439},
  number={7078},
  pages={861--4},
  year={2006}
}

@article{Lee2010sit,
  title={{Superresolution Imaging of Targeted Proteins in Fixed and Living Cells Using Photoactivatable Organic Fluorophores}},
  author={Hsiao-Lu D Lee and Samuel J Lord and Shigeki Iwanaga and Ke Zhan and Hexin Xie and Jarrod C Williams and Hui Wang and Grant R Bowman and Erin D Goley and Lucy Shapiro and Robert J Twieg and Jianghong Rao and W E Moerner},
  journal={J Am Chem Soc},
  pages={},
  year={2010}
}

@article{Isaacson2009rme,
  title={{The reaction-diffusion master equation as an asymptotic approximation of diffusion to a small target}},
  author={SA Isaacson},
  journal={SIAM J Appl Math},
  volume={70},
  number={1},
  pages={77--111},
  year={2009}
}

@article{Kelemen2010sec,
  title={{Spatial epigenetic control of mono- and bistable gene expression}},
  author={J{\'a}nos Z Kelemen and Prasuna Ratna and Simone Scherrer and Attila Becskei},
  journal={PLoS Biol},
  volume={8},
  number={3},
  pages={e1000332},
  year={2010}
}

@article{Butan2011san,
  title={{Spiral architecture of the nucleoid in Bdellovibrio bacteriovorus}},
  author={Carmen Butan and Lisa M Hartnell and Andrew K Fenton and Donald Bliss and R Elizabeth Sockett and Sriram Subramaniam and Jacqueline L S Milne},
  journal={J Bacteriol},
  volume={193},
  number={6},
  pages={1341--50},
  year={2011}
}

@article{Karapiperis1994cam,
  title={{Cellular automaton model of reaction-transport processes}},
  author={T Karapiperis and B Blankleider},
  journal={Phys D},
  volume={78},
  number={1-2},
  pages={30--64},
  year={1994}
}

@article{Fusco2003smm,
  title={{Single mRNA molecules demonstrate probabilistic movement in living mammalian cells}},
  author={Dahlene Fusco and Nathalie Accornero and Brigitte Lavoie and Shailesh M Shenoy and Jean Marie Blanchard and Robert H Singer and Edouard Bertrand},
  journal={Curr Biol},
  volume={13},
  number={2},
  pages={161--7},
  year={2003}
}

@article{Pelve2011ccd,
  title={{Cdv-based cell division and cell cycle organization in the thaumarchaeon Nitrosopumilus maritimus}},
  author={Erik A Pelve and Ann-Christin Lind{\aa}s and Willm Martens-Habbena and Jos{\'e} R de la Torre and David A Stahl and Rolf Bernander},
  journal={Mol Microbiol},
  pages={},
  year={2011}
}

@article{Gan2011ose,
  title={{Organization of the Smallest Eukaryotic Spindle}},
  author={Lu Gan and Mark S Ladinsky and Grant J Jensen},
  journal={Curr Biol},
  volume={21},
  pages={1--6},
  year={2011}
}

@article{Humphrey1996vvm,
  title={{VMD: visual molecular dynamics}},
  author={W Humphrey and A Dalke and K Schulten},
  journal={J Mol Graph},
  volume={14},
  number={1},
  pages={33-8, 27--8},
  year={1996}
}

@article{O'Sullivan2011cos,
  title={{Chromosome Organizaton in Simple and Complex Unicellular Organisms}},
  author={Justin M O'Sullivan},
  journal={Curr Issues Mol Biol},
  volume={13},
  number={2},
  pages={37--42},
  year={2011}
}

@article{Thauer2008mae,
  title={{Methanogenic archaea: ecologically relevant differences in energy conservation}},
  author={Rudolf K Thauer and Anne-Kristin Kaster and Henning Seedorf and Wolfgang Buckel and Reiner Hedderich},
  journal={Nat Rev Microbiol},
  volume={6},
  number={8},
  pages={579--91},
  year={2008}
}

@article{Vries2010dcb,
  title={{DNA condensation in bacteria: Interplay between macromolecular crowding and nucleoid proteins}},
  author={Renko de Vries},
  journal={Biochimie},
  pages={},
  year={2010}
}

@book{Brent2010mca,
  title={{Modern Computer Arithmetic}},
  author={Richard P Brent and Paul Zimmermann},
  pages={1--239},
  year={2010}
}

@article{McQuarrie1967sac,
  title={{Stochastic approach to chemical kinetics}},
  author={D McQuarrie},
  journal={J Appl Probab},
  volume={4},
  number={3},
  pages={413--478},
  year={1967}
}

@article{Hasty2000nsa,
  title={{Noise-based switches and amplifiers for gene expression}},
  author={J Hasty and J Pradines and M Dolnik and J J Collins},
  journal={Proc Natl Acad Sci USA},
  volume={97},
  number={5},
  pages={2075--80},
  year={2000}
}

@article{Guss2008nmt,
  title={{New methods for tightly regulated gene expression and highly efficient chromosomal integration of cloned genes for Methanosarcina species}},
  author={Adam M Guss and Michael Rother and Jun Kai Zhang and Gargi Kulkarni and William W Metcalf},
  journal={Archaea},
  volume={2},
  number={3},
  pages={193--203},
  year={2008}
}

@article{Lu2006ets,
  title={{Effective temperature in stochastic kinetics and gene networks}},
  author={Ting Lu and Jeff Hasty and Peter G Wolynes},
  journal={Biophys J},
  volume={91},
  number={1},
  pages={84--94},
  year={2006}
}

@article{Chou2008mrt,
  title={{Modeling robustness tradeoffs in yeast cell polarization induced by spatial gradients}},
  author={Ching-Shan Chou and Qing Nie and Tau-Mu Yi},
  journal={PLoS One},
  volume={3},
  number={9},
  pages={e3103},
  year={2008}
}

@article{Tao2005sfg,
  title={{Stochastic fluctuations in gene expression far from equilibrium: Omega expansion and linear noise approximation}},
  author={Yi Tao and Yuting Jia and T Gregory Dewey},
  journal={J Chem Phys},
  volume={122},
  number={12},
  pages={124108},
  year={2005}
}

@article{Chang2002gep,
  title={{Gene expression profiling of Escherichia coli growth transitions: an expanded stringent response model}},
  author={Dong-Eun Chang and Darren J Smalley and Tyrrell Conway},
  journal={Mol Microbiol},
  volume={45},
  number={2},
  pages={289--306},
  year={2002}
}

@article{Kruse2011smo,
  title={{Spontaneous mechanical oscillations: implications for developing organisms}},
  author={Karsten Kruse and Daniel Riveline},
  journal={Curr Top Dev Biol},
  volume={95},
  pages={67--91},
  year={2011}
}

@article{Guet2008mid,
  title={{Minimally invasive determination of mRNA concentration in single living bacteria}},
  author={C{\u a}lin C Guet and Luke Bruneaux and Taejin L Min and Dan Siegal-Gaskins and Israel Figueroa and Thierry Emonet and Philippe Cluzel},
  journal={Nucleic Acids Res},
  volume={36},
  number={12},
  pages={e73},
  year={2008}
}

@article{Canela-Xandri2010ibi,
  title={{Interplay between Intrinsic Noise and the Stochasticity of the Cell Cycle in Bacterial Colonies}},
  author={Oriol Canela-Xandri and Francesc Sagu{\'e}s and Javier Buceta},
  journal={Biophys J},
  volume={98},
  number={11},
  pages={2459--2468},
  year={2010}
}

@article{Madhani1998cfd,
  title={{The control of filamentous differentiation and virulence in fungi}},
  author={H D Madhani and G R Fink},
  journal={Trends Cell Biol},
  volume={8},
  number={9},
  pages={348--53},
  year={1998}
}

@article{Biteen2008sil,
  title={{Super-resolution imaging in live Caulobacter crescentus cells using photoswitchable EYFP}},
  author={Julie S Biteen and Michael A Thompson and Nicole K Tselentis and Grant R Bowman and Lucy Shapiro and W E Moerner},
  journal={Nat Meth},
  volume={5},
  number={11},
  pages={947--9},
  year={2008}
}

@article{Stamatakis2009cds,
  title={{Comparison of deterministic and stochastic models of the lac operon genetic network}},
  author={Michail Stamatakis and Nikos V Mantzaris},
  journal={Biophys J},
  volume={96},
  number={3},
  pages={887--906},
  year={2009}
}

@article{Setty2003dmc,
  title={{Detailed map of a cis-regulatory input function}},
  author={Y Setty and A E Mayo and M G Surette and U Alon},
  journal={Proc Natl Acad Sci USA},
  volume={100},
  number={13},
  pages={7702--7},
  year={2003}
}

@article{Weinberg2010cgr,
  title={{Comparative genomics reveals 104 candidate structured RNAs from bacteria, archaea, and their metagenomes}},
  author={Zasha Weinberg and Joy X Wang and Jarrod Bogue and Jingying Yang and Keith Corbino and Ryan H Moy and Ronald R Breaker},
  journal={Genome Biol},
  volume={11},
  number={3},
  pages={R31},
  year={2010}
}

@article{Gillespie2009dls,
  title={{Deterministic limit of stochastic chemical kinetics}},
  author={Daniel T Gillespie},
  journal={J Phys Chem B},
  volume={113},
  number={6},
  pages={1640--4},
  year={2009}
}

@article{Zon2005grd,
  title={{Green's-function reaction dynamics: a particle-based approach for simulating biochemical networks in time and space}},
  author={Jeroen S van Zon and Pieter Rein ten Wolde},
  journal={J Chem Phys},
  volume={123},
  number={23},
  pages={234910},
  year={2005}
}

@article{Johnson2010igc,
  title={{Imprints of the genetic code in the ribosome}},
  author={D. B. F Johnson and L Wang},
  journal={Proc Natl Acad Sci USA},
  volume={107},
  number={18},
  pages={8298--8303},
  year={2010}
}

@article{Ortiz2010shr,
  title={{Structure of hibernating ribosomes studied by cryoelectron tomography in vitro and in situ}},
  author={Julio O Ortiz and Florian Brandt and Val{\'e}rio R F Matias and Lau Sennels and Juri Rappsilber and Sjors H W Scheres and Matthias Eibauer and F Ulrich Hartl and Wolfgang Baumeister},
  journal={J Cell Biol},
  volume={190},
  number={4},
  pages={613--21},
  year={2010}
}

@article{Uemura2008sif,
  title={{Single-molecule imaging of full protein synthesis by immobilized ribosomes}},
  author={Sotaro Uemura and Ryo Iizuka and Taro Ueno and Yoshihiro Shimizu and Hideki Taguchi and Takuya Ueda and Joseph D Puglisi and Takashi Funatsu},
  journal={Nucleic Acids Res},
  volume={36},
  number={12},
  pages={e70},
  year={2008}
}

@article{Hoek2007esl,
  title={{The effect of stochasticity on the lac operon: an evolutionary perspective}},
  author={Milan van Hoek and Paulien Hogeweg},
  journal={PLoS Comput Biol},
  volume={3},
  number={6},
  pages={e111},
  year={2007}
}

@article{Deppenmeier2004met,
  title={{The membrane-bound electron transport system of Methanosarcina species}},
  author={Uwe Deppenmeier},
  journal={J Bioenerg Biomembr},
  volume={36},
  number={1},
  pages={55--64},
  year={2004}
}

@article{Lee2002trn,
  title={{Transcriptional regulatory networks in Saccharomyces cerevisiae}},
  author={Tong Ihn Lee and Nicola J Rinaldi and Fran{\c c}ois Robert and Duncan T Odom and Ziv Bar-Joseph and Georg K Gerber and Nancy M Hannett and Christopher T Harbison and Craig M Thompson and Itamar Simon and Julia Zeitlinger and Ezra G Jennings and Heather L Murray and D Benjamin Gordon and Bing Ren and John J Wyrick and Jean-Bosco Tagne and Thomas L Volkert and Ernest Fraenkel and David K Gifford and Richard A Young},
  journal={Science},
  volume={298},
  number={5594},
  pages={799--804},
  year={2002}
}

@article{Yi2007myc,
  title={{Modeling yeast cell polarization induced by pheromone gradients}},
  author={T Yi and S Chen and CS Chou and Q Nie},
  journal={J Stat Phys},
  volume={128},
  number={1-2},
  pages={193--207},
  year={2007}
}

@article{Kepler2001str,
  title={{Stochasticity in transcriptional regulation: origins, consequences, and mathematical representations}},
  author={T B Kepler and T C Elston},
  journal={Biophys J},
  volume={81},
  number={6},
  pages={3116--36},
  year={2001}
}

@article{Brioukhanov2000pmb,
  title={{Protection of Methanosarcina barkeri against oxidative stress: identification and characterization of an iron superoxide dismutase}},
  author={Andrei Brioukhanov and Alexander Netrusov and Melanie Sordel and Rudolf K Thauer and Seigo Shima},
  journal={Arch Microbiol},
  volume={174},
  pages={213--216},
  year={2000}
}

@article{Pantoja2009sif,
  title={{Single-molecule imaging of a fluorescent unnatural amino acid incorporated into nicotinic receptors}},
  author={Rigo Pantoja and Erik A Rodriguez and Mohammed I Dibas and Dennis A Dougherty and Henry A Lester},
  journal={Biophys J},
  volume={96},
  number={1},
  pages={226--37},
  year={2009}
}

@article{Hendrickson2007fdg,
  title={{Functionally distinct genes regulated by hydrogen limitation and growth rate in methanogenic Archaea}},
  author={Erik L Hendrickson and Andrew K Haydock and Brian C Moore and William B Whitman and John A Leigh},
  journal={Proc Natl Acad Sci USA},
  volume={104},
  number={21},
  pages={8930--4},
  year={2007}
}

@article{Laxman2010bmc,
  title={{Behavior of a metabolic cycling population at the single cell level as visualized by fluorescent gene expression reporters}},
  author={Sunil Laxman and Benjamin M Sutter and Benjamin P Tu},
  journal={PLoS One},
  volume={5},
  number={9},
  pages={e12595},
  year={2010}
}

@article{Bardwell2004wym,
  title={{A walk-through of the yeast mating pheromone response pathway}},
  author={Lee Bardwell},
  journal={Peptides},
  volume={25},
  number={9},
  pages={1465--76},
  year={2004}
}

@article{Shahrezaei2008snb,
  title={{The stochastic nature of biochemical networks}},
  author={V Shahrezaei and PS Swain},
  journal={Curr Opin Biotechnol},
  volume={19},
  number={4},
  pages={369--374},
  year={2008}
}

@article{Munsky2009lnr,
  title={{Listening to the noise: random fluctuations reveal gene network parameters}},
  author={Brian Munsky and Brooke Trinh and Mustafa Khammash},
  journal={Mol Syst Biol},
  volume={5},
  pages={318},
  year={2009}
}

@article{Robert2010pei,
  title={{Pre-dispositions and epigenetic inheritance in the Escherichia coli lactose operon bistable switch}},
  author={Lydia Robert and Gregory Paul and Yong Chen and Fran{\c c}ois Taddei and Damien Baigl and Ariel B Lindner},
  journal={Mol Syst Biol},
  volume={6},
  pages={357},
  year={2010}
}

@article{Golding2005rkg,
  title={{Real-time kinetics of gene activity in individual bacteria}},
  author={Ido Golding and Johan Paulsson and Scott M Zawilski and Edward C Cox},
  journal={Cell},
  volume={123},
  number={6},
  pages={1025--36},
  year={2005}
}

@article{Cheeseman1972ipf,
  title={{Isolation and properties of a fluorescent compound, factor  420 , from Methanobacterium strain MoH}},
  author={P Cheeseman and A Toms-Wood and R S Wolfe},
  journal={J Bacteriol},
  volume={112},
  number={1},
  pages={527--31},
  year={1972}
}

@article{Cox2010sts,
  title={{A synthetic three-color scaffold for monitoring genetic regulation and noise}},
  author={Robert Sidney Cox and Mary J Dunlop and Michael B Elowitz},
  journal={J Biol Eng},
  volume={4},
  number={1},
  pages={10},
  year={2010}
}

@article{Wang2010rge,
  title={{Robust growth of Escherichia coli}},
  author={Ping Wang and Lydia Robert and James Pelletier and Wei Lien Dang and Francois Taddei and Andrew Wright and Suckjoon Jun},
  journal={Curr Biol},
  volume={20},
  number={12},
  pages={1099--103},
  year={2010}
}

@article{Werner2011mac,
  title={{Microfluidic array cytometer based on refractive optical tweezers for parallel trapping, imaging and sorting of individual cells}},
  author={Michael Werner and Fabrice Merenda and Joachim Piguet and Ren{\'e}-Paul Salath{\'e} and Horst Vogel},
  journal={Lab Chip},
  volume={11},
  number={14},
  pages={2432--9},
  year={2011}
}

@article{Fleming2010dsa,
  title={{Dynamic SpoIIIE assembly mediates septal membrane fission during Bacillus subtilis sporulation}},
  author={Tinya C Fleming and Jae Yen Shin and Sang-Hyuk Lee and Eric Becker and Kerwyn Casey Huang and Carlos Bustamante and Kit Pogliano},
  journal={Gene Dev},
  volume={24},
  number={11},
  pages={1160--72},
  year={2010}
}

@article{Hoppert1990emn,
  title={{Electron microscopy of native and artificial methylreductase high-molecular-weight complexes in strain G{\"o} 1 and Methanococcus voltae}},
  author={M Hoppert and F Mayer},
  journal={FEBS Lett},
  volume={267},
  number={1},
  pages={33--7},
  year={1990}
}

@article{Li2011cds,
  title={{Central dogma at the single-molecule level in living cells}},
  author={Gene-Wei Li and X Sunney Xie},
  journal={Nature},
  volume={475},
  number={7356},
  pages={308--15},
  year={2011}
}

@article{Elowitz2000son,
  title={{A synthetic oscillatory network of transcriptional regulators}},
  author={M B Elowitz and S Leibler},
  journal={Nature},
  volume={403},
  number={6767},
  pages={335--8},
  year={2000}
}

@article{Geiduschek2005ati,
  title={{Archaeal transcription and its regulators}},
  author={E Peter Geiduschek and Mohamed Ouhammouch},
  journal={Mol Microbiol},
  volume={56},
  number={6},
  pages={1397--407},
  year={2005}
}

@article{Li2009emc,
  title={{Effects of macromolecular crowding and DNA looping on gene regulation kinetics}},
  author={Gene-Wei Li and Otto G Berg and Johan Elf},
  journal={Nat Phys},
  volume={5},
  number={4},
  pages={294--297},
  year={2009}
}

@article{Shapiro2009whb,
  title={{Why and how bacteria localize proteins}},
  author={L Shapiro and H H McAdams and R Losick},
  journal={Science},
  volume={326},
  number={5957},
  pages={1225--8},
  year={2009}
}

@article{Banks2005adp,
  title={{Anomalous diffusion of proteins due to molecular crowding}},
  author={Daniel S Banks and C{\'e}cile Fradin},
  journal={Biophys J},
  volume={89},
  number={5},
  pages={2960--71},
  year={2005}
}

@article{Cho2009tua,
  title={{The transcription unit architecture of the Escherichia coli genome}},
  author={Byung-Kwan Cho and Karsten Zengler and Yu Qiu and Young Seoub Park and Eric M Knight and Christian L Barrett and Yuan Gao and Bernhard {\O} Palsson},
  journal={Nat Biotechnol},
  volume={27},
  number={11},
  pages={1043--9},
  year={2009}
}

@article{Tanaka2010ers,
  title={{The effects of replacing Sst2 with the heterologous RGS4 on polarization and mating in yeast}},
  author={Hiromasa Tanaka and Tau-Mu Yi},
  journal={Biophys J},
  volume={99},
  number={4},
  pages={1007--17},
  year={2010}
}

@article{McAdams2009sdb,
  title={{System-level design of bacterial cell cycle control}},
  author={Harley H McAdams and Lucy Shapiro},
  journal={FEBS Lett},
  volume={583},
  number={24},
  pages={3984--91},
  year={2009}
}

@article{Oberhardt2011rgm,
  title={{Reconciliation of genome-scale metabolic reconstructions for comparative systems analysis}},
  author={Matthew A Oberhardt and Jacek Pucha{\l}ka and V{\'\i}tor A P Martins dos Santos and Jason A Papin},
  journal={PLoS Comput Biol},
  volume={7},
  number={3},
  pages={e1001116},
  year={2011}
}

@article{Digman2005fcs,
  title={{Fluctuation correlation spectroscopy with a laser-scanning microscope: exploiting the hidden time structure}},
  author={Michelle A Digman and Parijat Sengupta and Paul W Wiseman and Claire M Brown and Alan R Horwitz and Enrico Gratton},
  journal={Biophys J},
  volume={88},
  number={5},
  pages={L33--6},
  year={2005}
}

@article{Bonneau2007pmt,
  title={{A predictive model for transcriptional control of physiology in a free living cell}},
  author={Richard Bonneau and Marc T Facciotti and David J Reiss and Amy K Schmid and Min Pan and Amardeep Kaur and Vesteinn Thorsson and Paul Shannon and Michael H Johnson and J Christopher Bare and William Longabaugh and Madhavi Vuthoori and Kenia Whitehead and Aviv Madar and Lena Suzuki and Tetsuya Mori and Dong-Eun Chang and Jocelyne Diruggiero and Carl H Johnson and Leroy Hood and Nitin S Baliga},
  journal={Cell},
  volume={131},
  number={7},
  pages={1354--65},
  year={2007}
}

@article{Kenkre1973gme,
  title={{Generalized master equations for continuous-time random walks}},
  author={V M Kenkre and E W Montroll and M F Shlesinger},
  journal={J Stat Phys},
  volume={9},
  number={1},
  pages={45--50},
  year={1973}
}

@article{Smiley2010ged,
  title={{Gene expression dynamics in randomly varying environments}},
  author={Michael W Smiley and Stephen R Proulx},
  journal={J Math Biol},
  volume={61},
  number={2},
  pages={231--51},
  year={2010}
}

@article{Friedman2006lsd,
  title={{Linking stochastic dynamics to population distribution: an analytical framework of gene expression}},
  author={Nir Friedman and Long Cai and X Sunney Xie},
  journal={Phys Rev Lett},
  volume={97},
  number={16},
  pages={168302},
  year={2006}
}

@article{Rothenberg2011str,
  title={{Single-virus tracking reveals a spatial receptor-dependent search mechanism}},
  author={Eli Rothenberg and Leonardo A Sep{\'u}lveda and Samuel O Skinner and Lanying Zeng and Paul R Selvin and Ido Golding},
  journal={Biophys J},
  volume={100},
  number={12},
  pages={2875--82},
  year={2011}
}

@article{Arkin1998ska,
  title={{Stochastic kinetic analysis of developmental pathway bifurcation in phage lambda-infected Escherichia coli cells}},
  author={A Arkin and J Ross and H H McAdams},
  journal={Genetics},
  volume={149},
  number={4},
  pages={1633--48},
  year={1998}
}

@article{Breaker2011prd,
  title={{Prospects for riboswitch discovery and analysis}},
  author={Ronald R Breaker},
  journal={Mol Cell},
  volume={43},
  number={6},
  pages={867--79},
  year={2011}
}

@article{Ideker2001igp,
  title={{Integrated genomic and proteomic analyses of a systematically perturbed metabolic network}},
  author={T Ideker and V Thorsson and J A Ranish and R Christmas and J Buhler and J K Eng and R Bumgarner and D R Goodlett and R Aebersold and L Hood},
  journal={Science},
  volume={292},
  number={5518},
  pages={929--34},
  year={2001}
}

@article{Schneider2010tcu,
  title={{Three-dimensional cellular ultrastructure resolved by X-ray microscopy}},
  author={Gerd Schneider and Peter Guttmann and Stefan Heim and Stefan Rehbein and Florian Mueller and Kunio Nagashima and J Bernard Heymann and Waltraud G M{\"u}ller and James G McNally},
  journal={Nat Meth},
  pages={},
  year={2010}
}

@article{Avlund2010mgr,
  title={{Minimal gene regulatory circuits for a lysis-lysogeny choice in the presence of noise}},
  author={Mikkel Avlund and Sandeep Krishna and Szabolcs Semsey and Ian B Dodd and Kim Sneppen},
  journal={PLoS One},
  volume={5},
  number={12},
  pages={e15037},
  year={2010}
}

@article{Morelli2008rbd,
  title={{Reaction Brownian dynamics and the effect of spatial fluctuations on the gain of a push-pull network}},
  author={Marco J Morelli and Pieter Rein ten Wolde},
  journal={J Chem Phys},
  volume={129},
  number={5},
  pages={054112},
  year={2008}
}

@article{Rosenfeld2007apg,
  title={{Accurate prediction of gene feedback circuit behavior from component properties}},
  author={Nitzan Rosenfeld and Jonathan W Young and Uri Alon and Peter S Swain and Michael B Elowitz},
  journal={Mol Syst Biol},
  volume={3},
  pages={143},
  year={2007}
}

@article{Snijder2011orc,
  title={{Origins of regulated cell-to-cell variability}},
  author={Berend Snijder and Lucas Pelkmans},
  journal={Nat Rev Mol Cell Biol},
  volume={12},
  number={2},
  pages={119--25},
  year={2011}
}

@article{Li2010eps,
  title={{Efficient Parallelization of the Stochastic Simulation Algorithm for Chemically Reacting Systems On the Graphics Processing Unit}},
  author={Hong Li and L Petzold},
  journal={Int J High Perform Comput Appl},
  volume={24},
  number={2},
  pages={107--116},
  year={2010}
}

@article{Choi2010ssg,
  title={{Stochastic switching in gene networks can occur by a single-molecule event or many molecular steps}},
  author={Paul J Choi and X Sunney Xie and Eugene I Shakhnovich},
  journal={J Mol Biol},
  volume={396},
  number={1},
  pages={230--44},
  year={2010}
}

@article{Mettetal2006psg,
  title={{Predicting stochastic gene expression dynamics in single cells}},
  author={Jerome T Mettetal and Dale Muzzey and Juan M Pedraza and Ertugrul M Ozbudak and Alexander van Oudenaarden},
  journal={Proc Natl Acad Sci USA},
  volume={103},
  number={19},
  pages={7304--9},
  year={2006}
}

@article{Kepes1971bpe,
  title={{The B-galactoside permease of Escherichia coli}},
  author={Adam Kepes},
  journal={J Membrane Biol},
  volume={4},
  pages={87--112},
  year={1971}
}

@article{Mitrophanov2008pfc,
  title={{Positive feedback in cellular control systems}},
  author={Alexander Y Mitrophanov and Eduardo A Groisman},
  journal={BioEssays},
  volume={30},
  number={6},
  pages={542--55},
  year={2008}
}

@article{Klumpp2009grg,
  title={{Growth rate-dependent global effects on gene expression in bacteria}},
  author={Stefan Klumpp and Zhongge Zhang and Terence Hwa},
  journal={Cell},
  volume={139},
  number={7},
  pages={1366--75},
  year={2009}
}

@article{Kerr2008fmc,
  title={{Fast Monte Carlo simulation methods for biological reaction-diffusion systems in solution and on surfaces}},
  author={Rex A Kerr and Thomas M Bartol and Boris Kaminsky and Markus Dittrich and Jen-Chien Jack Chang and Scott B Baden and Terrence J Sejnowski and Joel R Stiles},
  journal={SIAM J Sci Comput},
  volume={30},
  number={6},
  pages={3126},
  year={2008}
}

@article{Golding2011dml,
  title={{Decision making in living cells: lessons from a simple system}},
  author={Ido Golding},
  journal={Annu Rev Biophys},
  volume={40},
  pages={63--80},
  year={2011}
}

@article{Grabarse2000ctm,
  title={{Comparison of three methyl-coenzyme M reductases from phylogenetically distant organisms: unusual amino acid modification, conservation and adaptation}},
  author={W Grabarse and F Mahlert and S Shima and R K Thauer and U Ermler},
  journal={J Mol Biol},
  volume={303},
  number={2},
  pages={329--44},
  year={2000}
}

@article{Allen2005srs,
  title={{Sampling rare switching events in biochemical networks}},
  author={Rosalind J Allen and Patrick B Warren and Pieter Rein ten Wolde},
  journal={Phys Rev Lett},
  volume={94},
  number={1},
  pages={018104},
  year={2005}
}

@article{Cheong2010msc,
  title={{Models at the single cell level}},
  author={Raymond Cheong and Saurabh Paliwal and Andre Levchenko},
  journal={WIREs Systems Biology and Medicine},
  volume={2},
  number={1},
  pages={34--48},
  year={2010}
}

@article{Lepzelter2007dis,
  title={{Dynamics and intrinsic statistical fluctuations of a gene switch}},
  author={David Lepzelter and Keun-Young Kim and Jin Wang},
  journal={J Phys Chem B},
  volume={111},
  number={34},
  pages={10239--47},
  year={2007}
}

@article{Duarte2004rvs,
  title={{Reconstruction and validation of Saccharomyces cerevisiae iND750, a fully compartmentalized genome-scale metabolic model}},
  author={Natalie C Duarte and Markus J Herrg{\aa}rd and Bernhard {\O} Palsson},
  journal={Genome Res},
  volume={14},
  number={7},
  pages={1298--309},
  year={2004}
}

@article{Andrews2009aps,
  title={{Accurate particle-based simulation of adsorption, desorption and partial transmission}},
  author={Steven S Andrews},
  journal={Phys Biol},
  volume={6},
  number={4},
  pages={046015},
  year={2009}
}

@article{Paulsson2000rsf,
  title={{Random signal fluctuations can reduce random fluctuations in regulated components of chemical regulatory networks}},
  author={J Paulsson and M Ehrenberg},
  journal={Phys Rev Lett},
  volume={84},
  number={23},
  pages={5447--50},
  year={2000}
}

@article{Seluanov1997fps,
  title={{FtsY, the prokaryotic signal recognition particle receptor homologue, is essential for biogenesis of membrane proteins}},
  author={A Seluanov and E Bibi},
  journal={J Biol Chem},
  volume={272},
  number={4},
  pages={2053--5},
  year={1997}
}

@article{Zeng2010dms,
  title={{Decision Making at a Subcellular Level Determines the Outcome of Bacteriophage Infection}},
  author={Lanying Zeng and Samuel O Skinner and Chenghang Zong and Jean Sippy and Michael Feiss and Ido Golding},
  journal={Cell},
  volume={141},
  number={4},
  pages={682--691},
  year={2010}
}

@article{Dobrzynski2007cmd,
  title={{Computational methods for diffusion-influenced biochemical reactions}},
  author={Maciej Dobrzynski and Jordi Vidal Rodr{\'\i}guez and Jaap A Kaandorp and Joke G Blom},
  journal={Bioinformatics},
  volume={23},
  number={15},
  pages={1969--77},
  year={2007}
}

@article{Woldringh2002rct,
  title={{The role of co-transcriptional translation and protein translocation (transertion) in bacterial chromosome segregation}},
  author={Conrad L Woldringh},
  journal={Mol Microbiol},
  volume={45},
  number={1},
  pages={17--29},
  year={2002}
}

@article{Stamm2003mme,
  title={{Mycobacterium marinum escapes from phagosomes and is propelled by actin-based motility}},
  author={Luisa M Stamm and J Hiroshi Morisaki and Lian-Yong Gao and Robert L Jeng and Kent L McDonald and Robyn Roth and Sunao Takeshita and John Heuser and Matthew D Welch and Eric J Brown},
  journal={J Exp Med},
  volume={198},
  number={9},
  pages={1361--8},
  year={2003}
}

@article{Ferm2010aas,
  title={{An adaptive algorithm for simulation of stochastic reaction-diffusion processes}},
  author={L Ferm and A Hellander and P L{\"o}tstedt},
  journal={J Comput Phys},
  volume={229},
  pages={343--360},
  year={2010}
}

@article{O'Gorman1980ebi,
  title={{Equilibrium binding of inducer to lac repressoroperator DNA complex}},
  author={R B O'Gorman and J M Rosenberg and O B Kallai and R E Dickerson and K Itakura and A D Riggs and K S Matthews},
  journal={J Biol Chem},
  volume={255},
  number={21},
  pages={10107--14},
  year={1980}
}

@article{Drawert2010dfs,
  title={{The diffusive finite state projection algorithm for efficient simulation of the stochastic reaction-diffusion master equation}},
  author={Brian Drawert and Michael J Lawson and Linda Petzold and Mustafa Khammash},
  journal={J Chem Phys},
  volume={132},
  number={7},
  pages={074101},
  year={2010}
}

@article{Gillespie2007ssc,
  title={{Stochastic simulation of chemical kinetics}},
  author={Daniel T Gillespie},
  journal={Annu Rev Phys Chem},
  volume={58},
  pages={35--55},
  year={2007}
}

@article{Royer1990mbe,
  title={{Macromolecular binding equilibria in the lac repressor system: studies using high-pressure fluorescence spectroscopy}},
  author={C A Royer and A E Chakerian and K S Matthews},
  journal={Biochemistry},
  volume={29},
  number={20},
  pages={4959--66},
  year={1990}
}

@article{Briegel2009uab,
  title={{Universal architecture of bacterial chemoreceptor arrays}},
  author={Ariane Briegel and Davi R Ortega and Elitza I Tocheva and Kristin Wuichet and Zhuo Li and Songye Chen and Axel M{\"u}ller and Cristina V Iancu and Gavin E Murphy and Megan J Dobro and Igor B Zhulin and Grant J Jensen},
  journal={Proc Natl Acad Sci USA},
  volume={106},
  number={40},
  pages={17181--6},
  year={2009}
}

@article{Tejedor2010qas,
  title={{Quantitative analysis of single particle trajectories: mean maximal excursion method}},
  author={Vincent Tejedor and Olivier B{\'e}nichou and Raphael Voituriez and Ralf Jungmann and Friedrich Simmel and Christine Selhuber-Unkel and Lene B Oddershede and Ralf Metzler},
  journal={Biophys J},
  volume={98},
  number={7},
  pages={1364--72},
  year={2010}
}

@article{Hornung2008nps,
  title={{Noise propagation and signaling sensitivity in biological networks: a role for positive feedback}},
  author={Gil Hornung and Naama Barkai},
  journal={PLoS Comput Biol},
  volume={4},
  number={1},
  pages={e8},
  year={2008}
}

@article{Lewis2010odf,
  title={{Omic data from evolved E coli are consistent with computed optimal growth from genome-scale models}},
  author={Nathan E Lewis and Kim K Hixson and Tom M Conrad and Joshua A Lerman and Pep Charusanti and Ashoka D Polpitiya and Joshua N Adkins and Gunnar Schramm and Samuel O Purvine and Daniel Lopez-Ferrer and Karl K Weitz and Roland Eils and Rainer K{\"o}nig and Richard D Smith and Bernhard {\O} Palsson},
  journal={Mol Syst Biol},
  volume={6},
  pages={390},
  year={2010}
}

@article{Paliwal2007mbg,
  title={{MAPK-mediated bimodal gene expression and adaptive gradient sensing in yeast}},
  author={Saurabh Paliwal and Pablo A Iglesias and Kyle Campbell and Zoe Hilioti and Alex Groisman and Andre Levchenko},
  journal={Nature},
  volume={446},
  number={7131},
  pages={46--51},
  year={2007}
}

@article{Metcalf1996mgb,
  title={{Molecular, genetic, and biochemical characterization of the serC gene of Methanosarcina barkeri Fusaro}},
  author={W W Metcalf and J K Zhang and X Shi and R S Wolfe},
  journal={J Bacteriol},
  volume={178},
  number={19},
  pages={5797--802},
  year={1996}
}

@article{Huang2003dse,
  title={{Dynamic structures in Escherichia coli: spontaneous formation of MinE rings and MinD polar zones}},
  author={Kerwyn Casey Huang and Yigal Meir and Ned S Wingreen},
  journal={Proc Natl Acad Sci USA},
  volume={100},
  number={22},
  pages={12724--8},
  year={2003}
}

@article{Gowrishankar2004wit,
  title={{Why is transcription coupled to translation in bacteria?}},
  author={J Gowrishankar and R Harinarayanan},
  journal={Mol Microbiol},
  volume={54},
  number={3},
  pages={598--603},
  year={2004}
}

@article{Straube2009iem,
  title={{Investigating the effects of molecular crowding on Ca2+ diffusion using a particle-based simulation model}},
  author={Ronny Straube and Douglas Ridgway},
  journal={Chaos},
  volume={19},
  number={3},
  pages={037110},
  year={2009}
}

@article{Bar-Even2006npe,
  title={{Noise in protein expression scales with natural protein abundance}},
  author={Arren Bar-Even and Johan Paulsson and Narendra Maheshri and Miri Carmi and Erin O'Shea and Yitzhak Pilpel and Naama Barkai},
  journal={Nat Genet},
  volume={38},
  number={6},
  pages={636--43},
  year={2006}
}

@article{Acar2010gmn,
  title={{A general mechanism for network-dosage compensation in gene circuits}},
  author={Murat Acar and Bernardo F Pando and Frances H Arnold and Michael B Elowitz and Alexander van Oudenaarden},
  journal={Science},
  volume={329},
  number={5999},
  pages={1656--60},
  year={2010}
}

@article{Hurt1999nva,
  title={{A novel in vivo assay reveals inhibition of ribosomal nuclear export in ran-cycle and nucleoporin mutants}},
  author={E Hurt and S Hannus and B Schmelzl and D Lau and D Tollervey and G Simos},
  journal={J Cell Biol},
  volume={144},
  number={3},
  pages={389--401},
  year={1999}
}

@article{Gorman2008vod,
  title={{Visualizing one-dimensional diffusion of proteins along DNA}},
  author={Jason Gorman and Eric C Greene},
  journal={Nat Struct Mol Biol},
  volume={15},
  number={8},
  pages={768--74},
  year={2008}
}

@article{Lee2008dai,
  title={{Dynamic analysis of integrated signaling, metabolic, and regulatory networks}},
  author={Jong Min Lee and Jong Min Lee and Erwin P Gianchandani and James A Eddy and Jason A Papin},
  journal={PLoS Comput Biol},
  volume={4},
  number={5},
  pages={e1000086},
  year={2008}
}

@article{Lengeler2000mns,
  title={{Metabolic networks: a signal-oriented approach to cellular models}},
  author={J W Lengeler},
  journal={Biol Chem},
  volume={381},
  number={9-10},
  pages={911--20},
  year={2000}
}

@article{Hu2009mcy,
  title={{Mechanisms and constraints on yeast MAPK signaling specificity}},
  author={Bo Hu and Wouter-Jan Rappel and Herbert Levine},
  journal={Biophys J},
  volume={96},
  number={12},
  pages={4755--63},
  year={2009}
}

@article{Ortiz2006mri,
  title={{Mapping 70S ribosomes in intact cells by cryoelectron tomography and pattern recognition}},
  author={Julio O Ortiz and Friedrich F{\"o}rster and Julia K{\"u}rner and Alexandros A Linaroudis and Wolfgang Baumeister},
  journal={J Struct Biol},
  volume={156},
  number={2},
  pages={334--41},
  year={2006}
}

@article{Oehler2006ilp,
  title={{Induction of the lac promoter in the absence of DNA loops and the stoichiometry of induction}},
  author={Stefan Oehler and Siegfried Alberti and Benno M{\"u}ller-Hill},
  journal={Nucleic Acids Res},
  volume={34},
  number={2},
  pages={606--12},
  year={2006}
}

@article{Richter1974dcr,
  title={{Diffusion controlled reaction rates in spheroidal geometry Application to repressor--operator association and membrane bound enzymes}},
  author={P H Richter and M Eigen},
  journal={Biophys Chem},
  volume={2},
  number={3},
  pages={255--63},
  year={1974}
}

@article{Lampoudi2009msa,
  title={{The multinomial simulation algorithm for discrete stochastic simulation of reaction-diffusion systems}},
  author={Sotiria Lampoudi and Dan T Gillespie and Linda R Petzold},
  journal={J Chem Phys},
  volume={130},
  number={9},
  pages={094104},
  year={2009}
}

@article{Choi2008sse,
  title={{A stochastic single-molecule event triggers phenotype switching of a bacterial cell}},
  author={Paul J Choi and Long Cai and Kirsten Frieda and X Sunney Xie},
  journal={Science},
  volume={322},
  number={5900},
  pages={442--6},
  year={2008}
}

@article{Ohshima1974bil,
  title={{Binding of an inducer to the lac repressor}},
  author={Y Ohshima and T Mizokoshi and T Horiuchi},
  journal={J Mol Biol},
  volume={89},
  number={1},
  pages={127--36},
  year={1974}
}

@article{Wei2011rng,
  title={{RNAG: A New Gibbs Sampler for Predicting RNA Secondary Structure for Unaligned Sequences}},
  author={Donglai Wei and Lauren V Alpert and Charles E Lawrence},
  journal={Bioinformatics},
  pages={},
  year={2011}
}

@article{Mir2011omc,
  title={{Optical measurement of cycle-dependent cell growth}},
  author={Mustafa Mir and Zhuo Wang and Zhen Shen and Michael Bednarz and Rashid Bashir and Ido Golding and Supriya G Prasanth and Gabriel Popescu},
  journal={Proc Natl Acad Sci USA},
  volume={108},
  number={32},
  pages={13124--9},
  year={2011}
}

@article{Arge2007ocp,
  title={{An optimal cache-oblivious priority queue and its application to graph algorithms}},
  author={L Arge and M.A Bender and E.D Demaine and B Holland-Minkley and J.I Munro},
  journal={SIAM J Comput},
  volume={36},
  number={6},
  pages={1672--1695},
  year={2007}
}

@article{Ando2010chi,
  title={{Crowding and hydrodynamic interactions likely dominate in vivo macromolecular motion}},
  author={Tadashi Ando and Jeffrey Skolnick},
  journal={Proc Natl Acad Sci USA},
  volume={107},
  number={43},
  pages={18457--62},
  year={2010}
}

@article{Murakawa1991tdl,
  title={{Transcription and decay of the lac messenger: role of an intergenic terminator}},
  author={G J Murakawa and C Kwan and J Yamashita and D P Nierlich},
  journal={J Bacteriol},
  volume={173},
  number={1},
  pages={28--36},
  year={1991}
}

@article{Assaf2010ems,
  title={{Extinction of metastable stochastic populations}},
  author={Michael Assaf and Baruch Meerson},
  journal={Phys Rev E},
  volume={81},
  number={2 Pt 1},
  pages={021116},
  year={2010}
}

@article{Ptacin2010sag,
  title={{A spindle-like apparatus guides bacterial chromosome segregation}},
  author={Jerod L Ptacin and Steven F Lee and Ethan C Garner and Esteban Toro and Michael Eckart and Luis R Comolli and W E Moerner and Lucy Shapiro},
  journal={Nat Cell Biol},
  volume={12},
  number={8},
  pages={791--8},
  year={2010}
}

@article{Armache2010ler,
  title={{Localization of eukaryote-specific ribosomal proteins in a 55-A cryo-EM map of the 80S eukaryotic ribosome}},
  author={Jean-Paul Armache and Alexander Jarasch and Andreas M Anger and Elizabeth Villa and Thomas Becker and Shashi Bhushan and Fabrice Jossinet and Michael Habeck and G{\"u}lcin Dindar and Sibylle Franckenberg and Viter Marquez and Thorsten Mielke and Michael Thomm and Otto Berninghausen and Birgitta Beatrix and Johannes S{\"o}ding and Eric Westhof and Daniel N Wilson and Roland Beckmann},
  journal={Proc Natl Acad Sci USA},
  pages={},
  year={2010}
}

@article{Ishihama2008pap,
  title={{Protein abundance profiling of the Escherichia coli cytosol}},
  author={Yasushi Ishihama and Thorsten Schmidt and Juri Rappsilber and Matthias Mann and F Ulrich Hartl and Michael J Kerner and Dmitrij Frishman},
  journal={BMC Genom},
  volume={9},
  pages={102},
  year={2008}
}

@article{Skupsky2010hpi,
  title={{HIV Promoter Integration Site Primarily Modulates Transcriptional Burst Size Rather Than Frequency}},
  author={Ron Skupsky and John C Burnett and Jonathan E Foley and David V Schaffer and Adam P Arkin},
  journal={PLoS Comput Biol},
  volume={6},
  number={9},
  year={2010}
}

@article{Digman2009ibd,
  title={{Imaging barriers to diffusion by pair correlation functions}},
  author={Michelle A Digman and Enrico Gratton},
  journal={Biophys J},
  volume={97},
  number={2},
  pages={665--73},
  year={2009}
}

@article{Huang2008tsi,
  title={{Three-dimensional super-resolution imaging by stochastic optical reconstruction microscopy}},
  author={Bo Huang and Wenqin Wang and Mark Bates and Xiaowei Zhuang},
  journal={Science},
  volume={319},
  number={5864},
  pages={810--3},
  year={2008}
}

@article{Heise2007saa,
  title={{Some aspects about quantitative reconstruction for differential interference contrast (DIC) microscopy}},
  author={Bettina Heise and Bernd Arminger},
  journal={Proc Appl Math Mech},
  volume={7},
  number={1},
  pages={2150031--2150032},
  year={2007}
}

@article{Elf2004ssb,
  title={{Spontaneous separation of bi-stable biochemical systems into spatial domains of opposite phases}},
  author={Johna Elf and M Ehrenberg},
  journal={IEE Syst Biol},
  volume={1},
  number={2},
  pages={230--236},
  year={2004}
}

@article{Loose2011mpp,
  title={{Min protein patterns emerge from rapid rebinding and membrane interaction of MinE}},
  author={Martin Loose and Elisabeth Fischer-Friedrich and Christoph Herold and Karsten Kruse and Petra Schwille},
  journal={Nat Struct Mol Biol},
  volume={18},
  number={5},
  pages={577--83},
  year={2011}
}

@article{Tay2010snd,
  title={{Single-cell NF-kappaB dynamics reveal digital activation and analogue information processing}},
  author={Sava{\c s} Tay and Jacob J Hughey and Timothy K Lee and Tomasz Lipniacki and Stephen R Quake and Markus W Covert},
  journal={Nature},
  volume={466},
  number={7303},
  pages={267--71},
  year={2010}
}

@article{Raj2006sms,
  title={{Stochastic mRNA synthesis in mammalian cells}},
  author={Arjun Raj and Charles S Peskin and Daniel Tranchina and Diana Y Vargas and Sanjay Tyagi},
  journal={PLoS Biol},
  volume={4},
  number={10},
  pages={e309},
  year={2006}
}

@article{Leibler2010ihs,
  title={{Individual histories and selection in heterogeneous populations}},
  author={Stanislas Leibler and Edo Kussell},
  journal={Proc Natl Acad Sci USA},
  volume={107},
  number={29},
  pages={13183--8},
  year={2010}
}

@article{Rosenfeld2005grs,
  title={{Gene regulation at the single-cell level}},
  author={Nitzan Rosenfeld and Jonathan W Young and Uri Alon and Peter S Swain and Michael B Elowitz},
  journal={Science},
  volume={307},
  number={5717},
  pages={1962--5},
  year={2005}
}

@article{Fange2006nmp,
  title={{Noise-induced Min phenotypes in E coli}},
  author={David Fange and Johan Elf},
  journal={PLoS Comput Biol},
  volume={2},
  number={6},
  pages={e80},
  year={2006}
}

@article{Aurell2002eaf,
  title={{Epigenetics as a first exit problem}},
  author={E Aurell and K Sneppen},
  journal={Phys Rev Lett},
  volume={88},
  number={4},
  pages={048101},
  year={2002}
}

@article{Cao2006alm,
  title={{Accuracy limitations and the measurement of errors in the stochastic simulation of chemically reacting systems}},
  author={Yang Cao and Linda Petzold},
  journal={J Comput Phys},
  volume={212},
  pages={6--24},
  year={2006}
}

@article{Pech2010dbm,
  title={{Dual binding mode of the nascent polypeptide-associated complex reveals a novel universal adapter site on the ribosome}},
  author={Markus Pech and Thomas Spreter and Roland Beckmann and Birgitta Beatrix},
  journal={J Biol Chem},
  volume={285},
  number={25},
  pages={19679--87},
  year={2010}
}

@article{Thiele2009gre,
  title={{Genome-scale reconstruction of Escherichia coli's transcriptional and translational machinery: a knowledge base, its mathematical formulation, and its functional characterization}},
  author={Ines Thiele and Neema Jamshidi and Ronan M T Fleming and Bernhard {\O} Palsson},
  journal={PLoS Comput Biol},
  volume={5},
  number={3},
  pages={e1000312},
  year={2009}
}

@article{Cai2006spe,
  title={{Stochastic protein expression in individual cells at the single molecule level}},
  author={Long Cai and Nir Friedman and X Sunney Xie},
  journal={Nature},
  volume={440},
  number={7082},
  pages={358--62},
  year={2006}
}

@article{Woldringh1977mad,
  title={{Morphological analysis of the division cycle of two Escherichia coli substrains during slow growth}},
  author={C L Woldringh and M A de Jong and W van den Berg and L Koppes},
  journal={J Bacteriol},
  volume={131},
  number={1},
  pages={270--9},
  year={1977}
}

@article{Bennett2008mgr,
  title={{Metabolic gene regulation in a dynamically changing environment}},
  author={Matthew R Bennett and Wyming Lee Pang and Natalie A Ostroff and Bridget L Baumgartner and Sujata Nayak and Lev S Tsimring and Jeff Hasty},
  journal={Nature},
  volume={454},
  number={7208},
  pages={1119--22},
  year={2008}
}

@article{Laurenzi2000ass,
  title={{An analytical solution of the stochastic master equation for reversible bimolecular reaction kinetics}},
  author={Ian J Laurenzi},
  journal={J Chem Phys},
  volume={113},
  number={8},
  pages={3315--22},
  year={2000}
}

@article{Tozer2007puc,
  title={{Photoconversion using confocal laser scanning microscopy: A new tool for the ultrastructural analysis of fluorescently labeled cellular elements}},
  author={Jordan T Tozer and Scott C Henderson and Dong Sun and Raymond J Colello},
  journal={J Neurosci Meth},
  volume={164},
  number={2},
  pages={240--6},
  year={2007}
}

@article{Hu2009cmd,
  title={{Co-translational mRNA decay in Saccharomyces cerevisiae}},
  author={Wenqian Hu and Thomas J Sweet and Sangpen Chamnongpol and Kristian E Baker and Jeff Coller},
  journal={Nature},
  volume={461},
  number={7261},
  pages={225--229},
  year={2009}
}

@article{Inada2002oap,
  title={{One-step affinity purification of the yeast ribosome and its associated proteins and mRNAs}},
  author={Toshifumi Inada and Eric Winstall and Salvador Z Tarun and John R Yates and Dave Schieltz and Alan B Sachs},
  journal={RNA},
  volume={8},
  number={7},
  pages={948--58},
  year={2002}
}

@article{Kim2008cms,
  title={{Coarse-grained models for simulations of multiprotein complexes: application to ubiquitin binding}},
  author={Young C Kim and Gerhard Hummer},
  journal={J Mol Biol},
  volume={375},
  number={5},
  pages={1416--33},
  year={2008}
}

@article{Tanizawa2010mla,
  title={{Mapping of long-range associations throughout the fission yeast genome reveals global genome organization linked to transcriptional regulation}},
  author={Hideki Tanizawa and Osamu Iwasaki and Atsunari Tanaka and Joseph R Capizzi and Priyankara Wickramasinghe and Mihee Lee and Zhiyan Fu and Ken-Ichi Noma},
  journal={Nucleic Acids Res},
  pages={},
  year={2010}
}

@article{Jun2011arp,
  title={{Archaeal RNA polymerase and transcription regulation}},
  author={Sung-Hoon Jun and Matthew J Reichlen and Momoko Tajiri and Katsuhiko S Murakami},
  journal={Crit Rev Biochem Mol Biol},
  volume={46},
  number={1},
  pages={27--40},
  year={2011}
}

@article{Hein2010sed,
  title={{Stimulated emission depletion nanoscopy of living cells using SNAP-tag fusion proteins}},
  author={Birka Hein and Katrin I Willig and Christian A Wurm and Volker Westphal and Stefan Jakobs and Stefan W Hell},
  journal={Biophys J},
  volume={98},
  number={1},
  pages={158--63},
  year={2010}
}

@article{Rimsky2011prn,
  title={{Pervasive regulation of nucleoid structure and function by nucleoid-associated proteins}},
  author={Sylvie Rimsky and Andrew Travers},
  journal={Curr Opin Microbiol},
  volume={14},
  number={2},
  pages={136--41},
  year={2011}
}

@article{Rother2005mge,
  title={{Methanol-dependent gene expression demonstrates that methyl-coenzyme M reductase is essential in Methanosarcina acetivorans C2A and allows isolation of mutants with defects in regulation of the methanol utilization pathway}},
  author={Michael Rother and Paolo Boccazzi and Arpita Bose and Matthew A Pritchett and W W Metcalf},
  journal={J Bacteriol},
  volume={187},
  number={16},
  pages={5552--9},
  year={2005}
}

@article{Nureki2010san,
  title={{Structure of an archaeal non-discriminating glutamyl-tRNA synthetase: a missing link in the evolution of Gln-tRNAGln formation}},
  author={Osamu Nureki and Patrick O'Donoghue and Nobuhisa Watanabe and Atsuhiko Ohmori and Hiroyuki Oshikane and Yuhei Araiso and Kelly Sheppard and Dieter S{\"o}ll and Ryuichiro Ishitani},
  journal={Nucleic Acids Res},
  pages={},
  year={2010}
}

@article{Vilar2003mnd,
  title={{Modeling network dynamics: the lac operon, a case study}},
  author={Jos{\'e} M G Vilar and C{\u a}lin C Guet and Stanislas Leibler},
  journal={J Cell Biol},
  volume={161},
  number={3},
  pages={471--6},
  year={2003}
}

@article{Ishihama2005emp,
  title={{Exponentially modified protein abundance index (emPAI) for estimation of absolute protein amount in proteomics by the number of sequenced peptides per protein}},
  author={Yasushi Ishihama and Yoshiya Oda and Tsuyoshi Tabata and Toshitaka Sato and Takeshi Nagasu and Juri Rappsilber and Matthias Mann},
  journal={Mol Cell Proteomics},
  volume={4},
  number={9},
  pages={1265--72},
  year={2005}
}

